{"name": "Produkt 9", "url": "https://zakupy.biedronka.pl/vital-fresh-vital-fresh-rukola-100-g-0000005210.html", "title": "Vital Fresh Rukola 100 g", "brand": "Vital Fresh", "price": "4.49 PLN", "packaging_details": "0.1kg- 44,90 zł / kg", "description_sections": [{"header": "Składniki i alergeny", "content": "Składniki:100% rukolaInne informacje o zawartości produktu:Zawiera surowce GMO:Nie"}, {"header": "Wartość odżywcza", "content": "W 100 gWartość energetyczna kcal35 kcalZawartość tłuszczów (ogólnie)0.7 gKwasy tłuszczowe nasycone0 gZawartość węglowodanów3.7 gCukry2.1 gZawartość błonnika1.6 gZawartość białek2.6 gZawartość soli0.07 g"}, {"header": "Pozostałe informacje", "content": "Producent:La Linea Verde Soc. Agr. S.p.A.Dystrybutor:La Linea Verde Società Agricola S.p.A.Via Artigianale 49 25025 ManerbioJeronimo Martins Polska S.A.Żniwna 5 62-025 Kostrzyn PLImporter:Jeronimo Martins Polska S.A.Żniwna 5 62-025 Kostrzyn PLbok@biedronka.plNazwa wymagana prawnie:Rukola. Produkt umyty, gotowy do spożycia."}], "images": ["data/images/1bb12bd1dd110a0ad54469f1c6da5687.jpg"], "absolute_path": "Warzywa/Warzywa świeże/Produkt 9"}
{"name": "Produkt 12", "url": "https://zakupy.biedronka.pl/vital-fresh-vital-fresh-marcheweczki-180-g-0000004233.html", "title": "Vital Fresh Marcheweczki 180 g", "brand": "Vital Fresh", "price": "4.49 PLN", "packaging_details": "0.18kg- 24,94 zł / kg", "description_sections": [{"header": "Opis produktu", "content": "Nutriscore:A"}, {"header": "Składniki i alergeny", "content": "Składniki:surowa marchewkaInne informacje o zawartości produktu:Zawiera surowce GMO:Nie, \n\nPoziom znakowania Nutriscore:A, \n\nDodatkowe informacje na temat produktu:Obsychanie (biała powierzchnia marchewek) jest naturalny, skutkiem przechowywania produktu w warunkach chłodniczych i nie stanowi jego wady."}, {"header": "Wartość odżywcza", "content": "W 100 gWartość energetyczna kcal33 kcalZawartość tłuszczów (ogólnie)0 gKwasy tłuszczowe nasycone0 gZawartość węglowodanów5.3 gCukry3.9 gZawartość błonnika2.9 gZawartość białek0.7 gZawartość soli0.07 g"}, {"header": "Przechowywanie i sposób przygotowania", "content": "Sposób przygotowania:Gotowy do jedzenia"}, {"header": "Pozostałe informacje", "content": "Producent:Green Factory Sp. z o.o.Dystrybutor:Jeronimo Martins Polska S.A.Żniwna 5 62-025 KostrzynImporter:Jeronimo Martins Polska S.A.Żniwna 5 62-025 Kostrzyn PLNazwa wymagana prawnie:Umyta, obrana, gotowa do spożycia marchewka"}], "images": ["data/images/ca826b2676d7b769e3526554574bfc63.jpg", "data/images/de5aa7a697db3f0d95307f9dc40ec0af.jpg"], "absolute_path": "Warzywa/Warzywa świeże/Produkt 12"}
{"name": "Produkt 8", "url": "https://zakupy.biedronka.pl/biedronka-wloszczyzna-opak.-650-g-0000010409.html", "title": "Włoszczyzna opak. 650 g", "brand": "Biedronka", "price": "6.99 PLN", "packaging_details": "0.65kg- 10,75 zł / kg", "description_sections": [{"header": "Pozostałe informacje", "content": "Kraj pochodzenia:PolskaKraj pochodzenia zależy od konkretnej partii produktu jaka znajduje się w sklepie. Informację o kraju pochodzenia znajdziesz na opakowaniu. Możesz również dodać komentarz z preferowanym typem produktu w koszyku lub wiadomości dla shoppera (np. “prosze o pomidory polskie”).Nazwa wymagana prawnie:Seler pietruszka nać"}], "images": ["data/images/79f9cddc0a3e21785f187692d0c3506c.jpg"], "absolute_path": "Warzywa/Warzywa świeże/Produkt 8"}
{"name": "Produkt 11", "url": "https://zakupy.biedronka.pl/biedronka-cukinia-0000010418.html", "title": "Cukinia", "brand": "Biedronka", "price": "7.99 PLN", "packaging_details": "ok. 400 g ~ 0.4kg- 7,99 zł / kg", "description_sections": [{"header": "Opis produktu", "content": "Charakteryzuje się ciemnozieloną skórką i jasnozielonym miąższem. Cukinia jest lekko słodkawa w smaku, przypomina nieco ogórka, choć ma bardziej intensywny smak. Cukinia to źródło witaminy K, C, PP i B1. Zawiera również potas, żelazo, magnez, kwas foliowy i wiele innych ważnych dla zdrowia składników. Ceniona jest za pozytywny wpływ na proces trawienia."}, {"header": "Pozostałe informacje", "content": "Kraj pochodzenia:Polska,Belgia,Hiszpania,Słowacja,Węgry,WłochyKraj pochodzenia zależy od konkretnej partii produktu jaka znajduje się w sklepie. Informację o kraju pochodzenia znajdziesz na opakowaniu. Możesz również dodać komentarz z preferowanym typem produktu w koszyku lub wiadomości dla shoppera (np. “prosze o pomidory polskie”).Nazwa wymagana prawnie:Cukinia"}], "images": ["data/images/b9cbbdff9a9d230e0ae62ea6ad98cbef.jpg"], "absolute_path": "Warzywa/Warzywa świeże/Produkt 11"}
{"name": "Produkt 10", "url": "https://zakupy.biedronka.pl/biedronka-ogorek-gruntowy-0000010392.html", "title": "Ogórek gruntowy", "brand": "Biedronka", "price": "9.99 PLN", "packaging_details": "ok. 110 g ~ 0.11kg- 9,99 zł / kg", "description_sections": [{"header": "Opis produktu", "content": "Ogórek gruntowy to świetny dodatek na kanapce czy jako przekąska doprawiona solą i pieprzem. Warzywa te można dodać również do sałatek i surówek. Ze względu na fakt, że warzywa te składają się niemal w 100% z wody, są orzeźwiające i świetnie gaszą pragnienie. Dodaje się je również do koktajli i drinków. Ogórki gruntowe rewelacyjnie sprawdzają się również do przygotowywania przetworów: ogórków kiszonych czy sałatek z dodatkiem papryki, cukinii i innych darów lata."}, {"header": "Pozostałe informacje", "content": "Kraj pochodzenia:Polska,Hiszpania,Rumunia,Słowacja,TurcjaKraj pochodzenia zależy od konkretnej partii produktu jaka znajduje się w sklepie. Informację o kraju pochodzenia znajdziesz na opakowaniu. Możesz również dodać komentarz z preferowanym typem produktu w koszyku lub wiadomości dla shoppera (np. “prosze o pomidory polskie”).Nazwa wymagana prawnie:Ogórek gruntowy"}], "images": ["data/images/75fb2a363823da2b9761942772cecb62.jpg"], "absolute_path": "Warzywa/Warzywa świeże/Produkt 10"}
{"name": "Produkt 17", "url": "https://zakupy.biedronka.pl/biedronka-cebula-dymka-1-peczek-0000010282.html", "title": "Cebula dymka 1 pęczek", "brand": "Biedronka", "price": "2.99 PLN", "packaging_details": "1szt.- 2,99 zł / szt", "description_sections": [{"header": "Pozostałe informacje", "content": "Kraj pochodzenia:PolskaKraj pochodzenia zależy od konkretnej partii produktu jaka znajduje się w sklepie. Informację o kraju pochodzenia znajdziesz na opakowaniu. Możesz również dodać komentarz z preferowanym typem produktu w koszyku lub wiadomości dla shoppera (np. “prosze o pomidory polskie”).Nazwa wymagana prawnie:Cebula dymka"}], "images": ["data/images/8a881cee970771c7ed651d9765eba495.jpg"], "absolute_path": "Warzywa/Warzywa świeże/Produkt 17"}
{"name": "Produkt 15", "url": "https://zakupy.biedronka.pl/biedronka-pomidory-malinowe-polskie-opak.-500-g-0000010365.html", "title": "Pomidory malinowe polskie opak. 500 g", "brand": "Biedronka", "price": "7.99 PLN", "packaging_details": "0.5kg- 15,98 zł / kg", "description_sections": [{"header": "Pozostałe informacje", "content": "Kraj pochodzenia:PolskaKraj pochodzenia zależy od konkretnej partii produktu jaka znajduje się w sklepie. Informację o kraju pochodzenia znajdziesz na opakowaniu. Możesz również dodać komentarz z preferowanym typem produktu w koszyku lub wiadomości dla shoppera (np. “prosze o pomidory polskie”).Nazwa wymagana prawnie:Pomidor malinowy"}], "images": ["data/images/cf20326119422dc6a31a846349e22214.jpg"], "absolute_path": "Warzywa/Warzywa świeże/Produkt 15"}
{"name": "Produkt 14", "url": "https://zakupy.biedronka.pl/biedronka-rzodkiewka-1-peczek-0000019014.html", "title": "Rzodkiewka 1 pęczek", "brand": "Biedronka", "price": "2.49 PLN", "packaging_details": "1szt.- 2,49 zł / szt", "description_sections": [{"header": "Pozostałe informacje", "content": "Kraj pochodzenia:Polska,Holandia,Niemcy,Węgry,WłochyKraj pochodzenia zależy od konkretnej partii produktu jaka znajduje się w sklepie. Informację o kraju pochodzenia znajdziesz na opakowaniu. Możesz również dodać komentarz z preferowanym typem produktu w koszyku lub wiadomości dla shoppera (np. “prosze o pomidory polskie”).Nazwa wymagana prawnie:Rzodkiewka"}], "images": ["data/images/c4a629750ca95b1b6268af2fe5a50db1.jpg"], "absolute_path": "Warzywa/Warzywa świeże/Produkt 14"}
{"name": "Produkt 13", "url": "https://zakupy.biedronka.pl/biedronka-czosnek-opak.-250-g-0000010307.html", "title": "Czosnek opak. 250 g", "brand": "Biedronka", "price": "7.99 PLN", "packaging_details": "0.25kg- 31,96 zł / kg", "description_sections": [{"header": "Opis produktu", "content": "Czosnek to roślina należąca do rodziny amarylkowatych. Dla celów kulinarnych najistotniejsza jest jej część podziemna, pokryta łuskami. Cebula czosnku pospolitego (nazywana główką) składa się z kilku-kilkunastu cebulek, czyli tzw. ząbków. Czosnek charakteryzuje się ostrym smakiem, który łagodnieje po obróbce termicznej. Ceniony jest przede wszystkim za swoje właściwości prozdrowotne. Bywa nazywany “naturalnym antybiotykiem”."}, {"header": "Pozostałe informacje", "content": "Kraj pochodzenia:Polska,Argentyna,Chile,Egipt,HiszpaniaKraj pochodzenia zależy od konkretnej partii produktu jaka znajduje się w sklepie. Informację o kraju pochodzenia znajdziesz na opakowaniu. Możesz również dodać komentarz z preferowanym typem produktu w koszyku lub wiadomości dla shoppera (np. “prosze o pomidory polskie”).Nazwa wymagana prawnie:Czosnek"}], "images": ["data/images/020f146e61112f45a790afc46b3641d1.jpg"], "absolute_path": "Warzywa/Warzywa świeże/Produkt 13"}
{"name": "Produkt 16", "url": "https://zakupy.biedronka.pl/biedronka-batatat-slodki-ziemniak-0000010133.html", "title": "Batatat słodki ziemniak", "brand": "Biedronka", "price": "11.99 PLN", "packaging_details": "ok. 300 g ~ 0.3kg- 11,99 zł / kg", "description_sections": [{"header": "Opis produktu", "content": "Słodkie ziemniaki są bogate w węglowodany złożone i błonnik. Są cennym źródłem witamin i mikroelementów, takich jak witamina A, C oraz witaminy z grupy B (B1, B2, B6). Bataty są także źródłem β-karotenu i polifenoli, które stanowią naturalne przeciwutleniacze. Bataty mają niski indeks glikemiczny."}, {"header": "Pozostałe informacje", "content": "Kraj pochodzenia:Egipt,Ghana,USAKraj pochodzenia zależy od konkretnej partii produktu jaka znajduje się w sklepie. Informację o kraju pochodzenia znajdziesz na opakowaniu. Możesz również dodać komentarz z preferowanym typem produktu w koszyku lub wiadomości dla shoppera (np. “prosze o pomidory polskie”).Nazwa wymagana prawnie:Batat"}], "images": ["data/images/34f78c74fa28a4a57db54fad768d1e10.jpg"], "absolute_path": "Warzywa/Warzywa świeże/Produkt 16"}
{"name": "Produkt 22", "url": "https://zakupy.biedronka.pl/biedronka-papryczki-slodkie-sweet-bites-opak.-200-g-0000010317.html", "title": "Papryczki słodkie sweet bites opak. 200 g", "brand": "Biedronka", "price": "7.99 PLN", "packaging_details": "0.2kg- 39,95 zł / kg", "description_sections": [{"header": "Pozostałe informacje", "content": "Kraj pochodzenia:Polska,Hiszpania,Holandia,Jordania,Maroko,Portugalia,UE i NUE,Unia EuropejskaKraj pochodzenia zależy od konkretnej partii produktu jaka znajduje się w sklepie. Informację o kraju pochodzenia znajdziesz na opakowaniu. Możesz również dodać komentarz z preferowanym typem produktu w koszyku lub wiadomości dla shoppera (np. “prosze o pomidory polskie”).Nazwa wymagana prawnie:Papryka słodka czerwona papryka słodka żółta papryka słodka"}], "images": ["data/images/6edcc549efe9c7b84c72cbb7eb867f40.jpg"], "absolute_path": "Warzywa/Warzywa świeże/Produkt 22"}
{"name": "Produkt 21", "url": "https://zakupy.biedronka.pl/biedronka-buraki-czerowne-gotowane-500-g-0000010189.html", "title": "Buraki czerowne gotowane 500 g", "brand": "Biedronka", "price": "4.79 PLN", "packaging_details": "0.5kg- 9,58 zł / kg", "description_sections": [{"header": "Pozostałe informacje", "content": "Kraj pochodzenia:PolskaKraj pochodzenia zależy od konkretnej partii produktu jaka znajduje się w sklepie. Informację o kraju pochodzenia znajdziesz na opakowaniu. Możesz również dodać komentarz z preferowanym typem produktu w koszyku lub wiadomości dla shoppera (np. “prosze o pomidory polskie”).Nazwa wymagana prawnie:Buraki czerwone korzeń"}], "images": ["data/images/ab7595a4cbedb5ce088a47f47022c4d0.jpg"], "absolute_path": "Warzywa/Warzywa świeże/Produkt 21"}
{"name": "Produkt 20", "url": "https://zakupy.biedronka.pl/biedronka-dynia-hokkaido-0000011166.html", "title": "Dynia Hokkaido", "brand": "Biedronka", "price": "5.99 PLN", "packaging_details": "ok. 1,5 kg ~ 1.5kg- 5,99 zł / kg", "description_sections": [{"header": "Pozostałe informacje", "content": "Kraj pochodzenia:Polska,SłowacjaKraj pochodzenia zależy od konkretnej partii produktu jaka znajduje się w sklepie. Informację o kraju pochodzenia znajdziesz na opakowaniu. Możesz również dodać komentarz z preferowanym typem produktu w koszyku lub wiadomości dla shoppera (np. “prosze o pomidory polskie”).Nazwa wymagana prawnie:Dynia Hokkaido"}], "images": ["data/images/6405e9fdbcad94a7744c9868f19f29da.jpg"], "absolute_path": "Warzywa/Warzywa świeże/Produkt 20"}
{"name": "Produkt 19", "url": "https://zakupy.biedronka.pl/biedronka-papryka-polska-slodka-czerwona-0000011414.html", "title": "Papryka polska słodka czerwona", "brand": "Biedronka", "price": "11.99 PLN", "packaging_details": "ok. 500 g ~ 0.5kg- 11,99 zł / kg", "description_sections": [{"header": "Pozostałe informacje", "content": "Kraj pochodzenia:PolskaKraj pochodzenia zależy od konkretnej partii produktu jaka znajduje się w sklepie. Informację o kraju pochodzenia znajdziesz na opakowaniu. Możesz również dodać komentarz z preferowanym typem produktu w koszyku lub wiadomości dla shoppera (np. “prosze o pomidory polskie”).Nazwa wymagana prawnie:Papryka czerwona polska"}], "images": ["data/images/2f9cf32ebafbe6f3f09a17db60d3c3bf.jpg"], "absolute_path": "Warzywa/Warzywa świeże/Produkt 19"}
{"name": "Produkt 18", "url": "https://zakupy.biedronka.pl/biedronka-kalafior-0000010372.html", "title": "Kalafior", "brand": "Biedronka", "price": "6.99 PLN", "packaging_details": "ok. 1,5 kg ~ 1.5kg- 6,99 zł / kg", "description_sections": [{"header": "Opis produktu", "content": "Kalafior zaliczany jest do cenniejszych warzyw z uwagi na swój skład chemiczny, a także walory smakowe i dietetyczne. Zawiera m.in.: sód, potas, magnez, wapń, mangan, żelazo, miedź, cynk, fosfor, fluor, chlor, jod, karoteny, witaminy: K, B1, B2, B6, C; kwasy: nikotynowy i pantotenowy. Wykorzystuje się go obecnie całkiem powszechnie jako składnik zup, sałatek oraz wielu rozmaitych potraw. Idealnie komponuje się z innymi warzywami, chociażby z marchewką czy groszkiem, dzięki czemu często stanowi nawet jeden z podstawowych dodatków do dań głównych, goszczących podczas obiadu."}, {"header": "Pozostałe informacje", "content": "Kraj pochodzenia:Polska,Belgia,Dania,Francja,Holandia,NiemcyKraj pochodzenia zależy od konkretnej partii produktu jaka znajduje się w sklepie. Informację o kraju pochodzenia znajdziesz na opakowaniu. Możesz również dodać komentarz z preferowanym typem produktu w koszyku lub wiadomości dla shoppera (np. “prosze o pomidory polskie”).Nazwa wymagana prawnie:Kalafior"}], "images": ["data/images/ae1abf2cbaa645a9d7288e488b026b75.jpg"], "absolute_path": "Warzywa/Warzywa świeże/Produkt 18"}
{"name": "Produkt 27", "url": "https://zakupy.biedronka.pl/biedronka-baklazan-0000010086.html", "title": "Bakłażan", "brand": "Biedronka", "price": "9.99 PLN", "packaging_details": "ok. 300 g ~ 0.3kg- 9,99 zł / kg", "description_sections": [{"header": "Opis produktu", "content": "Bakłażan zawiera mnóstwo soli mineralnych, głównie fosforu i wapnia, dużo glukozy i błonnika. Bakłażan jest warzywem niskokalorycznym - 100 gram tego warzywa zawiera tylko 30 kalorii, jednak zwykle jest on jadany po obróbce termicznej w oliwie bądź oleju, co powoduje wzrost jego kaloryczności. Miąższ tego warzywa wchłania ogromną ilość tłuszczu. Bakłażany bogate są w antycyjany, dzięki którym zawdzięczają swój niepowtarzalny kolor. Związki te należą do flawonoidów, które chronią organizm przed działaniem wolnych rodników, odpowiedzialnych m.in. za powstawanie nowotworów. Dodatkowo, pomagają przyswajać witaminę C, a także działają antywrzodowo, antyalergicznie i antygrzybiczo, zapobiegają starzeniu i poprawiają wygląd włosów i paznokci."}, {"header": "Pozostałe informacje", "content": "Kraj pochodzenia:Polska,Hiszpania,HolandiaKraj pochodzenia zależy od konkretnej partii produktu jaka znajduje się w sklepie. Informację o kraju pochodzenia znajdziesz na opakowaniu. Możesz również dodać komentarz z preferowanym typem produktu w koszyku lub wiadomości dla shoppera (np. “prosze o pomidory polskie”).Nazwa wymagana prawnie:Bakłażan"}], "images": ["data/images/7dd6201618e7b844bceb081e43b56337.jpg"], "absolute_path": "Warzywa/Warzywa świeże/Produkt 27"}
{"name": "Produkt 24", "url": "https://zakupy.biedronka.pl/biedronka-szparagi-zielone-1-peczek-0000010196.html", "title": "Szparagi zielone 1 pęczek", "brand": "Biedronka", "price": "15.99 PLN", "packaging_details": "0.25kg- 63,96 zł / kg", "description_sections": [{"header": "Pozostałe informacje", "content": "Kraj pochodzenia:PeruKraj pochodzenia zależy od konkretnej partii produktu jaka znajduje się w sklepie. Informację o kraju pochodzenia znajdziesz na opakowaniu. Możesz również dodać komentarz z preferowanym typem produktu w koszyku lub wiadomości dla shoppera (np. “prosze o pomidory polskie”).Nazwa wymagana prawnie:Szparagi zielone"}], "images": ["data/images/83d4b1c74c9688e79f309e5d16f8a47d.jpg"], "absolute_path": "Warzywa/Warzywa świeże/Produkt 24"}
{"name": "Produkt 25", "url": "https://zakupy.biedronka.pl/dynia-pizmowa-0000010139.html", "title": "Dynia piżmowa", "brand": null, "price": "6.99 PLN", "packaging_details": "ok. 1500 g ~ 1.5kg- 6,99 zł / kg", "description_sections": [{"header": "Pozostałe informacje", "content": "Kraj pochodzenia:Polska,Hiszpania,SłowacjaKraj pochodzenia zależy od konkretnej partii produktu jaka znajduje się w sklepie. Informację o kraju pochodzenia znajdziesz na opakowaniu. Możesz również dodać komentarz z preferowanym typem produktu w koszyku lub wiadomości dla shoppera (np. “prosze o pomidory polskie”).Nazwa wymagana prawnie:Dynia piżmowa"}], "images": ["data/images/1e153ff67d7d02ac88287812e2f16889.jpg"], "absolute_path": "Warzywa/Warzywa świeże/Produkt 25"}
{"name": "Produkt 23", "url": "https://zakupy.biedronka.pl/biedronka-kapusta-biala-0000010417.html", "title": "Kapusta biała", "brand": "Biedronka", "price": "3.99 PLN", "packaging_details": "ok. 3 kg ~ 3kg- 3,99 zł / kg", "description_sections": [{"header": "Opis produktu", "content": "Kapusta biała to warzywo, z którego stworzysz najlepsze surówki będące niezastąpionym dodatkiem do obiadu.  Kapusta biała będzie wspaniale smakować nie tylko na surowo, ale również zasmażana, duszona czy gotowana."}, {"header": "Pozostałe informacje", "content": "Kraj pochodzenia:Polska,Holandia,Niemcy,SłowacjaKraj pochodzenia zależy od konkretnej partii produktu jaka znajduje się w sklepie. Informację o kraju pochodzenia znajdziesz na opakowaniu. Możesz również dodać komentarz z preferowanym typem produktu w koszyku lub wiadomości dla shoppera (np. “prosze o pomidory polskie”).Nazwa wymagana prawnie:Kapusta biała"}], "images": ["data/images/82c7f6e71cfc9021ed2784e39439fb76.jpg"], "absolute_path": "Warzywa/Warzywa świeże/Produkt 23"}
{"name": "Produkt 26", "url": "https://zakupy.biedronka.pl/biedronka-pietruszka-biala-korzen-0000010394.html", "title": "Pietruszka biała korzeń", "brand": "Biedronka", "price": "7.99 PLN", "packaging_details": "ok. 150 g ~ 0.15kg- 7,99 zł / kg", "description_sections": [{"header": "Pozostałe informacje", "content": "Kraj pochodzenia:Polska,Niemcy,SłowacjaKraj pochodzenia zależy od konkretnej partii produktu jaka znajduje się w sklepie. Informację o kraju pochodzenia znajdziesz na opakowaniu. Możesz również dodać komentarz z preferowanym typem produktu w koszyku lub wiadomości dla shoppera (np. “prosze o pomidory polskie”).Nazwa wymagana prawnie:Pietruszka biała korzeń"}], "images": ["data/images/41c7453c11d6bcfa0be2f9cab14f0043.jpg"], "absolute_path": "Warzywa/Warzywa świeże/Produkt 26"}
{"name": "Produkt 32", "url": "https://zakupy.biedronka.pl/biedronka-cebula-szalotka-0000010328.html", "title": "Cebula szalotka", "brand": "Biedronka", "price": "11.89 PLN", "packaging_details": "ok. 100 g ~ 0.1kg- 11,89 zł / kg", "description_sections": [{"header": "Opis produktu", "content": "Szalotka to delikatna i słodka w smaku cebula, używana często do dań z kuchni całego świata. Cebula szalotka łączy w sobie smak i zapach czosnku oraz cebuli. Doskonale nadaje się do spożycia w każdej formie – na surowo, przesmażana czy gotowana."}, {"header": "Pozostałe informacje", "content": "Kraj pochodzenia:Polska,Francja,Holandia,SłowacjaKraj pochodzenia zależy od konkretnej partii produktu jaka znajduje się w sklepie. Informację o kraju pochodzenia znajdziesz na opakowaniu. Możesz również dodać komentarz z preferowanym typem produktu w koszyku lub wiadomości dla shoppera (np. “prosze o pomidory polskie”).Nazwa wymagana prawnie:Cebula szalotka"}], "images": ["data/images/6fc990d0c42d734e6cf7836592d1efbc.jpg"], "absolute_path": "Warzywa/Warzywa świeże/Produkt 32"}
{"name": "Produkt 29", "url": "https://zakupy.biedronka.pl/biedronka-seler-korzen-0000010414.html", "title": "Seler korzeń", "brand": "Biedronka", "price": "5.99 PLN", "packaging_details": "ok. 400 g ~ 0.4kg- 5,99 zł / kg", "description_sections": [{"header": "Opis produktu", "content": "Seler można wykorzystywać jako dodatek do zup, sosów, sałatek i rożnego rodzaju surówek. Zawiera wiele dobroczynnie działających witamin i składników mineralnych, jak magnez, potas, cynk czy witaminy z grupy B, witaminę PP czy kwas foliowy."}, {"header": "Pozostałe informacje", "content": "Kraj pochodzenia:Polska,Holandia,Niemcy,SłowacjaKraj pochodzenia zależy od konkretnej partii produktu jaka znajduje się w sklepie. Informację o kraju pochodzenia znajdziesz na opakowaniu. Możesz również dodać komentarz z preferowanym typem produktu w koszyku lub wiadomości dla shoppera (np. “prosze o pomidory polskie”).Nazwa wymagana prawnie:Seler korzeń"}], "images": ["data/images/f9aaac933849506a8b2daaf1dc1aae86.jpg"], "absolute_path": "Warzywa/Warzywa świeże/Produkt 29"}
{"name": "Produkt 28", "url": "https://zakupy.biedronka.pl/biedronka-seler-naciowy-1-szt.-0000010289.html", "title": "Seler naciowy 1 szt.", "brand": "Biedronka", "price": "5.99 PLN", "packaging_details": "1szt.- 5,99 zł / szt", "description_sections": [{"header": "Pozostałe informacje", "content": "Kraj pochodzenia:Polska,Hiszpania,WłochyKraj pochodzenia zależy od konkretnej partii produktu jaka znajduje się w sklepie. Informację o kraju pochodzenia znajdziesz na opakowaniu. Możesz również dodać komentarz z preferowanym typem produktu w koszyku lub wiadomości dla shoppera (np. “prosze o pomidory polskie”).Nazwa wymagana prawnie:Seler naciowy"}], "images": ["data/images/1fc82ecd8b8df27dd70863184b109d25.jpg"], "absolute_path": "Warzywa/Warzywa świeże/Produkt 28"}
{"name": "Produkt 30", "url": "https://zakupy.biedronka.pl/biedronka-pomidory-san-marzano-opak.-300-g-0000010208.html", "title": "Pomidory San Marzano, opak. 300 g", "brand": "Biedronka", "price": "10.99 PLN", "packaging_details": "0.3kg- 36,63 zł / kg", "description_sections": [{"header": "Pozostałe informacje", "content": "Kraj pochodzenia:Polska,HolandiaKraj pochodzenia zależy od konkretnej partii produktu jaka znajduje się w sklepie. Informację o kraju pochodzenia znajdziesz na opakowaniu. Możesz również dodać komentarz z preferowanym typem produktu w koszyku lub wiadomości dla shoppera (np. “prosze o pomidory polskie”).Nazwa wymagana prawnie:Pomidor San Marzano czerwony"}], "images": ["data/images/9b5e6848463604b62a9dc6a05cddcd26.jpg"], "absolute_path": "Warzywa/Warzywa świeże/Produkt 30"}
{"name": "Produkt 31", "url": "https://zakupy.biedronka.pl/vital-fresh-vital-fresh-jarmuz-200-g-0000009986.html", "title": "Vital Fresh Jarmuż 200 g", "brand": "Vital Fresh", "price": "6.99 PLN", "packaging_details": "0.2kg- 34,95 zł / kg", "description_sections": [{"header": "Opis produktu", "content": "\"Mieszanka świeżych sałat i warzyw.Umyta, gotowa do spożycia.Idealna mieszanka do potraw z grilla.\""}, {"header": "Składniki i alergeny", "content": "Składniki:JarmużInne informacje o zawartości produktu:Zawiera surowce GMO:Nie"}, {"header": "Wartość odżywcza", "content": "W 100 gWartość energetyczna kcal51 kcalZawartość tłuszczów (ogólnie)1.5 gKwasy tłuszczowe nasycone0.2 gZawartość węglowodanów4.4 gCukry1 gZawartość błonnika4.1 gZawartość białek2.9 gZawartość soli0.13 gWitaminy i składniki mineralnew 100 g% RWS w 100 gKwas foliowy (witamina B9)62 μg31%Wapń254 mg32%Witamina A241 μg30%Witamina C93 mg117%Witamina K390 μg520%"}, {"header": "Przechowywanie i sposób przygotowania", "content": "Sposób przygotowania:Gotowy produkt może stanowić dodatek do dania głównego, jak również być lekką przekąską - zapewniając urozmaiconą dietę."}, {"header": "Pozostałe informacje", "content": "Kraj pochodzenia:PolskaKraj pochodzenia zależy od konkretnej partii produktu jaka znajduje się w sklepie. Informację o kraju pochodzenia znajdziesz na opakowaniu. Możesz również dodać komentarz z preferowanym typem produktu w koszyku lub wiadomości dla shoppera (np. “prosze o pomidory polskie”).Producent:eisberg Sp. z o.o.Dystrybutor:Eisberg Sp. z o.o.Bydgoska 22 59-220 Legnicapoland@eisberg.comImporter:Eisberg Sp. z o.o.Bydgoska 22 59-220 Legnica PLpoland@eisberg.comNazwa wymagana prawnie:Jarmuż. Produkt umyty, gotowy do spożycia."}], "images": ["data/images/9d10f7e6265025bf60068b4275b97703.jpg", "data/images/d8a8ddb78491263214f144f443c2178d.jpg", "data/images/6128000fe8264a5bf5fa5bd7d244e9c8.jpg"], "absolute_path": "Warzywa/Warzywa świeże/Produkt 31"}
{"name": "Produkt 34", "url": "https://zakupy.biedronka.pl/biedronka-kolba-kukurydzy-1-szt.-0000010286.html", "title": "Kolba kukurydzy 1 szt.", "brand": "Biedronka", "price": "3.98 PLN", "packaging_details": "1szt.- 3,98 zł / szt", "description_sections": [{"header": "Pozostałe informacje", "content": "Kraj pochodzenia:PolskaKraj pochodzenia zależy od konkretnej partii produktu jaka znajduje się w sklepie. Informację o kraju pochodzenia znajdziesz na opakowaniu. Możesz również dodać komentarz z preferowanym typem produktu w koszyku lub wiadomości dla shoppera (np. “prosze o pomidory polskie”).Nazwa wymagana prawnie:Kukurydza"}], "images": ["data/images/82a4670b923a1cc09c48ab03645e8248.jpg"], "absolute_path": "Warzywa/Warzywa świeże/Produkt 34"}
{"name": "Produkt 36", "url": "https://zakupy.biedronka.pl/biedronka-kapusta-pekinska-0000010054.html", "title": "Kapusta pekińska", "brand": "Biedronka", "price": "6.99 PLN", "packaging_details": "ok. 1,5 kg ~ 1.5kg- 6,99 zł / kg", "description_sections": [{"header": "Pozostałe informacje", "content": "Kraj pochodzenia:Polska,Niemcy,Słowacja,WęgryKraj pochodzenia zależy od konkretnej partii produktu jaka znajduje się w sklepie. Informację o kraju pochodzenia znajdziesz na opakowaniu. Możesz również dodać komentarz z preferowanym typem produktu w koszyku lub wiadomości dla shoppera (np. “prosze o pomidory polskie”).Nazwa wymagana prawnie:Kapusta pekińska"}], "images": ["data/images/eeacf18560cd0f2b8d27dc670ea47146.jpg"], "absolute_path": "Warzywa/Warzywa świeże/Produkt 36"}
{"name": "Produkt 37", "url": "https://zakupy.biedronka.pl/biedronka-pomidorki-w-droge-opak.-4x100-g-0000010164.html", "title": "Pomidorki w drogę opak. 4x100 g", "brand": "Biedronka", "price": "13.99 PLN", "packaging_details": "0.4kg- 34,98 zł / kg", "description_sections": [{"header": "Pozostałe informacje", "content": "Kraj pochodzenia:Egipt,Holandia,Maroko,TunezjaKraj pochodzenia zależy od konkretnej partii produktu jaka znajduje się w sklepie. Informację o kraju pochodzenia znajdziesz na opakowaniu. Możesz również dodać komentarz z preferowanym typem produktu w koszyku lub wiadomości dla shoppera (np. “prosze o pomidory polskie”).Nazwa wymagana prawnie:Pomidory czerwone"}], "images": ["data/images/496aabfca082dce4d170997100d419a6.jpg"], "absolute_path": "Warzywa/Warzywa świeże/Produkt 37"}
{"name": "Produkt 33", "url": "https://zakupy.biedronka.pl/biedronka-papryczka-chilli-1-szt.-0000010194.html", "title": "Papryczka chilli 1 szt.", "brand": "Biedronka", "price": "1.15 PLN", "packaging_details": "1szt.- 1,15 zł / szt", "description_sections": [{"header": "Pozostałe informacje", "content": "Kraj pochodzenia:Polska,Belgia,Hiszpania,HolandiaKraj pochodzenia zależy od konkretnej partii produktu jaka znajduje się w sklepie. Informację o kraju pochodzenia znajdziesz na opakowaniu. Możesz również dodać komentarz z preferowanym typem produktu w koszyku lub wiadomości dla shoppera (np. “prosze o pomidory polskie”).Nazwa wymagana prawnie:Papryczka chili"}], "images": ["data/images/264e5d3672afc30586d7043adcce241b.jpg", "data/images/4f3307a995dc5a0a7ac737a576040f5f.jpg"], "absolute_path": "Warzywa/Warzywa świeże/Produkt 33"}
{"name": "Produkt 35", "url": "https://zakupy.biedronka.pl/vital-fresh-vital-fresh-roszponka-100-g-0000005211.html", "title": "Vital Fresh Roszponka 100 g", "brand": "Vital Fresh", "price": "5.99 PLN", "packaging_details": "0.1kg- 59,90 zł / kg", "description_sections": [{"header": "Składniki i alergeny", "content": "Składniki:Roszponka. Produkt umyty.Inne informacje o zawartości produktu:Zawiera surowce GMO:Nie"}, {"header": "Wartość odżywcza", "content": "W 100 gWartość energetyczna kcal17 kcalZawartość tłuszczów (ogólnie)0 gKwasy tłuszczowe nasycone0 gZawartość węglowodanów0 gCukry0 gZawartość błonnika2.3 gZawartość białek2.1 gZawartość soli0 g"}, {"header": "Pozostałe informacje", "content": "Producent:La Linea Verde Soc. Agr. S.p.A.Dystrybutor:La Linea Verde Società Agricola S.p.A.Via Artigianale 49 25025 ManerbioJeronimo Martins Polska S.A.Żniwna 5 62-025 Kostrzyn PLImporter:Jeronimo Martins Polska S.A.Żniwna 5 62-025 Kostrzyn PLbok@biedronka.plNazwa wymagana prawnie:Roszponka"}], "images": ["data/images/f16096883ba3f595d7bd5005cfc2f652.jpg"], "absolute_path": "Warzywa/Warzywa świeże/Produkt 35"}
{"name": "Produkt 38", "url": "https://zakupy.biedronka.pl/biedronka-marchew-w-kostce-gotowana-na-parze-opak.-400-g-0000010216.html", "title": "Marchew w kostce gotowana na parze opak. 400 g", "brand": "Biedronka", "price": "3.99 PLN", "packaging_details": "0.4kg- 9,98 zł / kg", "description_sections": [{"header": "Pozostałe informacje", "content": "Kraj pochodzenia:PolskaKraj pochodzenia zależy od konkretnej partii produktu jaka znajduje się w sklepie. Informację o kraju pochodzenia znajdziesz na opakowaniu. Możesz również dodać komentarz z preferowanym typem produktu w koszyku lub wiadomości dla shoppera (np. “prosze o pomidory polskie”).Nazwa wymagana prawnie:Marchew czerwona"}], "images": ["data/images/605f45a672e098d23bfa322f29d25dc6.jpg"], "absolute_path": "Warzywa/Warzywa świeże/Produkt 38"}
{"name": "Produkt 40", "url": "https://zakupy.biedronka.pl/biedronka-czosnek-mlody-1-szt.-0000010202.html", "title": "Czosnek młody 1 szt.", "brand": "Biedronka", "price": "1.98 PLN", "packaging_details": "1szt.- 1,98 zł / szt", "description_sections": [{"header": "Opis produktu", "content": "Czosnek to roślina należąca do rodziny amarylkowatych. Dla celów kulinarnych najistotniejsza jest jej część podziemna, pokryta łuskami. Cebula czosnku pospolitego (nazywana główką) składa się z kilku-kilkunastu cebulek, czyli tzw. ząbków. Czosnek charakteryzuje się ostrym smakiem, który łagodnieje po obróbce termicznej. Ceniony jest przede wszystkim za swoje właściwości prozdrowotne. Bywa nazywany “naturalnym antybiotykiem”."}, {"header": "Pozostałe informacje", "content": "Kraj pochodzenia:EgiptKraj pochodzenia zależy od konkretnej partii produktu jaka znajduje się w sklepie. Informację o kraju pochodzenia znajdziesz na opakowaniu. Możesz również dodać komentarz z preferowanym typem produktu w koszyku lub wiadomości dla shoppera (np. “prosze o pomidory polskie”).Nazwa wymagana prawnie:Czosnek"}], "images": ["data/images/f3c4dbf5f363a49a7ff87b949d5db027.jpg"], "absolute_path": "Warzywa/Warzywa świeże/Produkt 40"}
{"name": "Produkt 41", "url": "https://zakupy.biedronka.pl/biedronka-kapusta-mloda-1-szt.-0000010279.html", "title": "Kapusta młoda 1 szt.", "brand": "Biedronka", "price": "7.99 PLN", "packaging_details": "1szt.- 7,99 zł / szt", "description_sections": [{"header": "Pozostałe informacje", "content": "Nazwa wymagana prawnie:Kapusta biała"}], "images": ["data/images/7b25b6db91641cc07292314587d64fdc.jpg"], "absolute_path": "Warzywa/Warzywa świeże/Produkt 41"}
{"name": "Produkt 42", "url": "https://zakupy.biedronka.pl/biedronka-rabarbar-1-peczek-0000010419.html", "title": "Rabarbar 1 pęczek", "brand": "Biedronka", "price": "12.99 PLN", "packaging_details": "ok. 500 g ~ 0.5kg- 12,99 zł / kg", "description_sections": [{"header": "Pozostałe informacje", "content": "Nazwa wymagana prawnie:Rabarbar"}], "images": ["data/images/b48925b001499e9dfd06f723ba584202.jpg"], "absolute_path": "Warzywa/Warzywa świeże/Produkt 42"}
{"name": "Produkt 39", "url": "https://zakupy.biedronka.pl/biedronka-burak-czerwony-0000010393.html", "title": "Burak czerwony", "brand": "Biedronka", "price": "2.99 PLN", "packaging_details": "ok. 600 g ~ 0.6kg- 2,99 zł / kg", "description_sections": [{"header": "Opis produktu", "content": "Buraki są źródłem wielu cennych dla zdrowia składników, m.in. witaminy z grupy B i C, błonnik, potas, magnez, wapń, cynk i żelazo. Polecany osobom z nadciśnieniem tętniczym, borykającymi się z nadwagą i otyłością. Wykazuje się zdolnością do oczyszczania i produkowania krwi a także skuteczny w walce i profilaktyce antynowotworowej."}, {"header": "Pozostałe informacje", "content": "Kraj pochodzenia:Polska,SłowacjaKraj pochodzenia zależy od konkretnej partii produktu jaka znajduje się w sklepie. Informację o kraju pochodzenia znajdziesz na opakowaniu. Możesz również dodać komentarz z preferowanym typem produktu w koszyku lub wiadomości dla shoppera (np. “prosze o pomidory polskie”).Nazwa wymagana prawnie:Burak czerwony"}], "images": ["data/images/d3b1a7b82fcf4cff217eada6c43d9b55.jpg"], "absolute_path": "Warzywa/Warzywa świeże/Produkt 39"}
{"name": "Produkt 43", "url": "https://zakupy.biedronka.pl/biedronka-mix-mini-warzyw-opak.-300-g-0000010195.html", "title": "Mix mini warzyw opak. 300 g", "brand": "Biedronka", "price": "6.99 PLN", "packaging_details": "0.3kg- 23,30 zł / kg", "description_sections": [{"header": "Pozostałe informacje", "content": "Kraj pochodzenia:HiszpaniaKraj pochodzenia zależy od konkretnej partii produktu jaka znajduje się w sklepie. Informację o kraju pochodzenia znajdziesz na opakowaniu. Możesz również dodać komentarz z preferowanym typem produktu w koszyku lub wiadomości dla shoppera (np. “prosze o pomidory polskie”).Nazwa wymagana prawnie:Pomidor papryczkowy Papryka sweet bite czerwona papryka sweet bite żółta ogórek zielony"}], "images": ["data/images/790569b2af726130afbc18082bbcac89.jpg"], "absolute_path": "Warzywa/Warzywa świeże/Produkt 43"}
{"name": "Produkt 45", "url": "https://zakupy.biedronka.pl/biedronka-szparagi-zielone-1-peczek-0000010291.html", "title": "Szparagi zielone 1 pęczek", "brand": "Biedronka", "price": "17.99 PLN", "packaging_details": "0.45kg- 35,98 zł / kg", "description_sections": [{"header": "Pozostałe informacje", "content": "Nazwa wymagana prawnie:Szparagi zielone"}], "images": ["data/images/3f033ef84a2bfced927d76cd6c3aa2a9.jpg"], "absolute_path": "Warzywa/Warzywa świeże/Produkt 45"}
{"name": "Produkt 46", "url": "https://zakupy.biedronka.pl/biedronka-por-0000010050.html", "title": "Por", "brand": "Biedronka", "price": "14.99 PLN", "packaging_details": "ok. 400 g ~ 0.4kg- 14,99 zł / kg", "description_sections": [{"header": "Opis produktu", "content": "Por idealnie nadaje się jako podstawowy składnik docenianej przez smakoszy sałatki porowej, wraz z dodatkiem majonezu. Idealnie sprawdza się także jako składnik zup warzywnych, nadając im wyrazistego smaku oraz indywidualnego charakteru."}, {"header": "Pozostałe informacje", "content": "Nazwa wymagana prawnie:Por"}], "images": ["data/images/61013ceb068317132361583ac9b74a73.jpg"], "absolute_path": "Warzywa/Warzywa świeże/Produkt 46"}
{"name": "Produkt 1", "url": "https://zakupy.biedronka.pl/vital-fresh-vital-fresh-mix-salat-z-rukola-160-g-0000002153.html", "title": "Vital Fresh Mix sałat z rukolą 160 g", "brand": "Vital Fresh", "price": "5.49 PLN", "packaging_details": "0.16kg- 34,31 zł / kg", "description_sections": [{"header": "Opis produktu", "content": "Mieszanka świeżych sałat i warzyw.Umyta, gotowa do spożycia."}, {"header": "Składniki i alergeny", "content": "Składniki:endywia frisee, endywia escarola, sałata cukrowa, cykoria radicchio, rukolaInne informacje o zawartości produktu:Zawiera surowce GMO:Nie"}, {"header": "Wartość odżywcza", "content": "W 100 gWartość energetyczna kcal20 kcalZawartość tłuszczów (ogólnie)0 gKwasy tłuszczowe nasycone0 gZawartość węglowodanów3.1 gCukry0.9 gZawartość błonnika1.5 gZawartość białek1.2 gZawartość soli0.05 g"}, {"header": "Przechowywanie i sposób przygotowania", "content": "Sposób przygotowania:Gotowa mieszanka świeżych sałat może stanowić dodatek do dania głównego, jak również być lekką przekąską - zapewniając urozmaiconą dietę"}, {"header": "Pozostałe informacje", "content": "Kraj pochodzenia:PolskaKraj pochodzenia zależy od konkretnej partii produktu jaka znajduje się w sklepie. Informację o kraju pochodzenia znajdziesz na opakowaniu. Możesz również dodać komentarz z preferowanym typem produktu w koszyku lub wiadomości dla shoppera (np. “prosze o pomidory polskie”).Producent:eisberg Sp. z o.o.Dystrybutor:Eisberg Sp. z o.o.Bydgoska 22 59-220 Legnicapoland@eisberg.comImporter:Eisberg Sp. z o.o.Bydgoska 22 59-220 Legnica PLpoland@eisberg.comNazwa wymagana prawnie:Mix sałat z rukolą. Mieszanka świeżych, krojonych warzyw. Produkt umyty, gotowy do spożycia."}], "images": ["data/images/c557d1ad58ced48ba593e071c37fa0fb.jpg", "data/images/fe7781d19aa6b3d41308ecce8f716fd7.jpg", "data/images/40cd738a868b5057239b53e498916ce0.jpg"], "absolute_path": "Warzywa/Sałaty/Produkt 1"}
{"name": "Produkt 44", "url": "https://zakupy.biedronka.pl/biedronka-rzodkiewka-1-peczek-0000010411.html", "title": "Rzodkiewka 1 pęczek", "brand": "Biedronka", "price": "2.99 PLN", "packaging_details": "1szt.- 2,99 zł / szt", "description_sections": [{"header": "Pozostałe informacje", "content": "Kraj pochodzenia:Polska,Holandia,Niemcy,WłochyKraj pochodzenia zależy od konkretnej partii produktu jaka znajduje się w sklepie. Informację o kraju pochodzenia znajdziesz na opakowaniu. Możesz również dodać komentarz z preferowanym typem produktu w koszyku lub wiadomości dla shoppera (np. “prosze o pomidory polskie”).Nazwa wymagana prawnie:Rzodkiewka"}], "images": ["data/images/f6c46335ec7cb25f333cf0e05c7192ca.jpg"], "absolute_path": "Warzywa/Warzywa świeże/Produkt 44"}
{"name": "Produkt 4", "url": "https://zakupy.biedronka.pl/biedronka-salata-maslowa-1-szt.-0000010049.html", "title": "Sałata masłowa 1 szt.", "brand": "Biedronka", "price": "3.99 PLN", "packaging_details": "1szt.- 3,99 zł / szt", "description_sections": [{"header": "Pozostałe informacje", "content": "Kraj pochodzenia:Polska,Belgia,Węgry,WłochyKraj pochodzenia zależy od konkretnej partii produktu jaka znajduje się w sklepie. Informację o kraju pochodzenia znajdziesz na opakowaniu. Możesz również dodać komentarz z preferowanym typem produktu w koszyku lub wiadomości dla shoppera (np. “prosze o pomidory polskie”).Nazwa wymagana prawnie:Sałata masłowa"}], "images": ["data/images/986325026358ac0a869f00089f1063c2.jpg"], "absolute_path": "Warzywa/Sałaty/Produkt 4"}
{"name": "Produkt 3", "url": "https://zakupy.biedronka.pl/biedronka-salata-rzymska-mini-opak.-2-szt.-0000010283.html", "title": "Sałata rzymska mini opak. 2 szt.", "brand": "Biedronka", "price": "5.99 PLN", "packaging_details": "1szt.- 5,99 zł / szt", "description_sections": [{"header": "Opis produktu", "content": "Sałata rzymska cechuje się niską kalorycznością oraz jest źródłem cennych dla zdrowia witamin i składników mineralnych. Sałata ta to bogactwo beta-karotenu, witaminy K, folianów, witaminy C, witaminy B1 i witaminy B2. Zawiera też znaczną ilość wapnia, żelaza, potasu, miedzi i fosforu. Dodatkowo jest lekkostrawna. Wysoka zawartość witaminy A i C warunkuje właściwości antyoksydacyjne sałaty. Witaminy te biorą udział w zwalczaniu wolnych rodników i zmniejszają stres oksydacyjny, co zapobiega wystąpieniu stanów zapalnych i chorób przewlekłych."}, {"header": "Pozostałe informacje", "content": "Kraj pochodzenia:Polska,Hiszpania,Macedonia Płn.,Niemcy,Węgry,Wielka BrytaniaKraj pochodzenia zależy od konkretnej partii produktu jaka znajduje się w sklepie. Informację o kraju pochodzenia znajdziesz na opakowaniu. Możesz również dodać komentarz z preferowanym typem produktu w koszyku lub wiadomości dla shoppera (np. “prosze o pomidory polskie”).Nazwa wymagana prawnie:Sałata rzymska"}], "images": ["data/images/65cc52e48a35b2e98569559f94cbad87.jpg"], "absolute_path": "Warzywa/Sałaty/Produkt 3"}
{"name": "Produkt 2", "url": "https://zakupy.biedronka.pl/biedronka-natka-pietruszki-1-peczek-0000010327.html", "title": "Natka pietruszki 1 pęczek", "brand": "Biedronka", "price": "2.99 PLN", "packaging_details": "1szt.- 2,99 zł / szt", "description_sections": [{"header": "Opis produktu", "content": "Natka pietruszki jest bogata w witaminę C, witaminę A, kwas foliowy i minerały takie jak potas, wapń i żelazo. Jest rośliną o wyrazistym smaku i delikatnym aromacie, które warto połączyć je z innymi składnikami."}, {"header": "Pozostałe informacje", "content": "Kraj pochodzenia:Polska,Hiszpania,WłochyKraj pochodzenia zależy od konkretnej partii produktu jaka znajduje się w sklepie. Informację o kraju pochodzenia znajdziesz na opakowaniu. Możesz również dodać komentarz z preferowanym typem produktu w koszyku lub wiadomości dla shoppera (np. “prosze o pomidory polskie”).Nazwa wymagana prawnie:Pietruszka natka"}], "images": ["data/images/1340cc56b8cb572ed908148ee43342c6.jpg"], "absolute_path": "Warzywa/Zioła/Produkt 2"}
{"name": "Produkt 2", "url": "https://zakupy.biedronka.pl/vital-fresh-vital-fresh-mix-salat-rzymska-160-g-0000006253.html", "title": "Vital Fresh Mix Sałat Rzymska 160 g", "brand": "Vital Fresh", "price": "4.29 PLN", "packaging_details": "0.16kg- 23,83 zł / kg", "description_sections": [{"header": "Opis produktu", "content": "Mieszanka świeżych sałat i warzyw.Umyta, gotowa do spożycia."}, {"header": "Składniki i alergeny", "content": "Składniki:sałata rzymska, endywia frisee, cykoria radicchio, marchewInne informacje o zawartości produktu:Zawiera surowce GMO:Nie"}, {"header": "Wartość odżywcza", "content": "W 100 gWartość energetyczna kcal26 kcalZawartość tłuszczów (ogólnie)0 gKwasy tłuszczowe nasycone0 gZawartość węglowodanów4.1 gCukry1.1 gZawartość błonnika2.1 gZawartość białek1.3 gZawartość soli0.08 g"}, {"header": "Przechowywanie i sposób przygotowania", "content": "Sposób przygotowania:Mieszankę sałat wsypać do miski i polać ulubionym dressingiemSposób podania:Mix z sałatą rzymską to kompozycja sałat, która pomoże szybko przygotować smaczny posiłek."}, {"header": "Pozostałe informacje", "content": "Kraj pochodzenia:PolskaKraj pochodzenia zależy od konkretnej partii produktu jaka znajduje się w sklepie. Informację o kraju pochodzenia znajdziesz na opakowaniu. Możesz również dodać komentarz z preferowanym typem produktu w koszyku lub wiadomości dla shoppera (np. “prosze o pomidory polskie”).Producent:eisberg Sp. z o.o.Dystrybutor:Eisberg Sp. z o.o.Bydgoska 22 59-220 Legnicapoland@eisberg.comImporter:Eisberg Sp. z o.o.Bydgoska 22 59-220 Legnica PLpoland@eisberg.comNazwa wymagana prawnie:Mix z sałatą rzymską. Mieszanka świeżych, krojonych warzyw. Produkt umyty, gotowy do spożycia."}], "images": ["data/images/386b517cd49b96d3789771ad2caaa5a0.jpg", "data/images/c0c95b9962b2fcdc47a527b4b24cd8ab.jpg", "data/images/a2fc6a00719086bbf21d10c9fb4d92f8.jpg"], "absolute_path": "Warzywa/Sałaty/Produkt 2"}
{"name": "Produkt 1", "url": "https://zakupy.biedronka.pl/biedronka-szczypiorek-1-peczek-0000010197.html", "title": "Szczypiorek 1 pęczek", "brand": "Biedronka", "price": "2.99 PLN", "packaging_details": "1szt.- 2,99 zł / szt", "description_sections": [{"header": "Pozostałe informacje", "content": "Kraj pochodzenia:Polska,Kenia,MarokoKraj pochodzenia zależy od konkretnej partii produktu jaka znajduje się w sklepie. Informację o kraju pochodzenia znajdziesz na opakowaniu. Możesz również dodać komentarz z preferowanym typem produktu w koszyku lub wiadomości dla shoppera (np. “prosze o pomidory polskie”).Nazwa wymagana prawnie:Szczypiorek natka"}], "images": ["data/images/f8e254b6d8c63d8a0a3e9c718ee1f97f.jpg"], "absolute_path": "Warzywa/Zioła/Produkt 1"}
{"name": "Produkt 1", "url": "https://zakupy.biedronka.pl/biedronka-pieczarka-opak.-500-g-0000010371.html", "title": "Pieczarka opak. 500 g", "brand": "Biedronka", "price": "7.99 PLN", "packaging_details": "0.5kg- 15,98 zł / kg", "description_sections": [{"header": "Opis produktu", "content": "Pieczarka jest niskokaloryczna i ma niski indeks glikemiczny. Pieczarka ma dość dużo potasu oraz pewną ilość witamin z grupy B – przede wszystkim niacyny i ryboflawiny. Jako jeden z niewielu produktów dostarcza także niewielkie ilości witaminy D – składnika obecnego w małych ilościach tylko w produktach pochodzenia zwierzęcego."}, {"header": "Składniki i alergeny", "content": "Składniki:pieczarka"}, {"header": "Pozostałe informacje", "content": "Kraj pochodzenia:PolskaKraj pochodzenia zależy od konkretnej partii produktu jaka znajduje się w sklepie. Informację o kraju pochodzenia znajdziesz na opakowaniu. Możesz również dodać komentarz z preferowanym typem produktu w koszyku lub wiadomości dla shoppera (np. “prosze o pomidory polskie”).Nazwa wymagana prawnie:Pieczarka"}], "images": ["data/images/72f033f885f7a936f80832de70570df8.jpg"], "absolute_path": "Warzywa/Grzyby/Produkt 1"}
{"name": "Produkt 5", "url": "https://zakupy.biedronka.pl/vital-fresh-vital-fresh-mieta-xl-1-szt.-0000010330.html", "title": "Vital Fresh Mięta XL 1 szt.", "brand": "Vital Fresh", "price": "7.99 PLN", "packaging_details": "1szt.- 7,99 zł / szt", "description_sections": [{"header": "Składniki i alergeny", "content": "Składniki:MiętaInne informacje o zawartości produktu:Zawiera surowce GMO:Nie"}, {"header": "Przechowywanie i sposób przygotowania", "content": "Sposób przygotowania:Gotowy do jedzeniaSposób podania:Płukać przed spożyciem"}, {"header": "Pozostałe informacje", "content": "Dystrybutor:ORIGANUM Sp. z o.o.Szachowa 1 04-894 Warszawabiuro@origanum.com.plNazwa wymagana prawnie:MIĘTA DUŻA W DONICZCE 1 SZT."}], "images": ["data/images/1077e5e0de7e93343869b5c2d3b98e42.jpg"], "absolute_path": "Warzywa/Zioła/Produkt 5"}
{"name": "Produkt 2", "url": "https://zakupy.biedronka.pl/biedronka-pieczarka-krojona-opak.-200-g-0000010125.html", "title": "Pieczarka krojona opak. 200 g", "brand": "Biedronka", "price": "4.69 PLN", "packaging_details": "0.2kg- 23,45 zł / kg", "description_sections": [{"header": "Opis produktu", "content": "Pieczarka jest niskokaloryczna i ma niski indeks glikemiczny. Pieczarka ma dość dużo potasu oraz pewną ilość witamin z grupy B – przede wszystkim niacyny i ryboflawiny. Jako jeden z niewielu produktów dostarcza także niewielkie ilości witaminy D – składnika obecnego w małych ilościach tylko w produktach pochodzenia zwierzęcego."}, {"header": "Pozostałe informacje", "content": "Kraj pochodzenia:PolskaKraj pochodzenia zależy od konkretnej partii produktu jaka znajduje się w sklepie. Informację o kraju pochodzenia znajdziesz na opakowaniu. Możesz również dodać komentarz z preferowanym typem produktu w koszyku lub wiadomości dla shoppera (np. “prosze o pomidory polskie”).Nazwa wymagana prawnie:Pieczarka biała"}], "images": ["data/images/f8b80e689bf94369be4b8e08c4b8b87f.jpg"], "absolute_path": "Warzywa/Grzyby/Produkt 2"}
{"name": "Produkt 3", "url": "https://zakupy.biedronka.pl/biedronka-koperek-1-peczek-0000010198.html", "title": "Koperek 1 pęczek", "brand": "Biedronka", "price": "2.99 PLN", "packaging_details": "1szt.- 2,99 zł / szt", "description_sections": [{"header": "Opis produktu", "content": "Koperek świetnie sprawdzi się jako składnik wszelkiego rodzaju marynat do mięs, ryb lub warzyw. Niezwykle popularnym zastosowaniem kopru są sosy. Sos na bazie koperku doskonale współgra z daniami kuchni śródziemnomorskiej"}, {"header": "Pozostałe informacje", "content": "Kraj pochodzenia:Polska,Hiszpania,Niemcy,WłochyKraj pochodzenia zależy od konkretnej partii produktu jaka znajduje się w sklepie. Informację o kraju pochodzenia znajdziesz na opakowaniu. Możesz również dodać komentarz z preferowanym typem produktu w koszyku lub wiadomości dla shoppera (np. “prosze o pomidory polskie”).Nazwa wymagana prawnie:Koper natka"}], "images": ["data/images/9664a4ec852d2e34541b627c56c9d7c6.jpg"], "absolute_path": "Warzywa/Zioła/Produkt 3"}
{"name": "Produkt 4", "url": "https://zakupy.biedronka.pl/vital-fresh-vital-fresh-bazylia-xl-1-szt.-0000010320.html", "title": "Vital Fresh Bazylia XL 1 szt.", "brand": "Vital Fresh", "price": "7.99 PLN", "packaging_details": "1szt.- 7,99 zł / szt", "description_sections": [{"header": "Pozostałe informacje", "content": "Kraj pochodzenia:PolskaKraj pochodzenia zależy od konkretnej partii produktu jaka znajduje się w sklepie. Informację o kraju pochodzenia znajdziesz na opakowaniu. Możesz również dodać komentarz z preferowanym typem produktu w koszyku lub wiadomości dla shoppera (np. “prosze o pomidory polskie”).Dystrybutor:ORIGANUM Sp. z o.o.Szachowa 1 04-894 Warszawabiuro@origanum.com.plJeronimo Martins Polska S.A.Żniwna 5 62-025 Kostrzyn PLImporter:Jeronimo Martins Polska S.A.Żniwna 5 62-025 Kostrzyn PLbok@biedronka.plNazwa wymagana prawnie:Bazylia"}], "images": ["data/images/3771c93a3bc2354c7f9653f53d4bbcd5.jpg", "data/images/89118f957ec22e11bd84e6f833fafed0.jpg"], "absolute_path": "Warzywa/Zioła/Produkt 4"}
{"name": "Produkt 4", "url": "https://zakupy.biedronka.pl/biedronka-grzyby-shimej-150-g-0000010215.html", "title": "Grzyby Shimej 150 g", "brand": "Biedronka", "price": "8.99 PLN", "packaging_details": "0.15kg- 59,93 zł / kg", "description_sections": [{"header": "Pozostałe informacje", "content": "Kraj pochodzenia:HolandiaKraj pochodzenia zależy od konkretnej partii produktu jaka znajduje się w sklepie. Informację o kraju pochodzenia znajdziesz na opakowaniu. Możesz również dodać komentarz z preferowanym typem produktu w koszyku lub wiadomości dla shoppera (np. “prosze o pomidory polskie”).Nazwa wymagana prawnie:Grzyby Shimej"}], "images": ["data/images/f5be431a17c776fb8a1892d79be006bb.jpg"], "absolute_path": "Warzywa/Grzyby/Produkt 4"}
{"name": "Produkt 3", "url": "https://zakupy.biedronka.pl/biedronka-kurka-opak.-200-g-0000010470.html", "title": "Kurka, opak. 200 g", "brand": "Biedronka", "price": "14.99 PLN", "packaging_details": "0.2kg- 74,95 zł / kg", "description_sections": [{"header": "Pozostałe informacje", "content": "Kraj pochodzenia:Polska,Bułgaria,Litwa,Łotwa,Macedonia Płn.,Rumunia,SerbiaKraj pochodzenia zależy od konkretnej partii produktu jaka znajduje się w sklepie. Informację o kraju pochodzenia znajdziesz na opakowaniu. Możesz również dodać komentarz z preferowanym typem produktu w koszyku lub wiadomości dla shoppera (np. “prosze o pomidory polskie”).Nazwa wymagana prawnie:Kurka grzyb"}], "images": ["data/images/f737c8585b2c2dd6a2ec6370c7e8d6ce.jpg"], "absolute_path": "Warzywa/Grzyby/Produkt 3"}
{"name": "Produkt 3", "url": "https://zakupy.biedronka.pl/biedronka-awokado-hass-1-szt.-0000010349.html", "title": "Awokado Hass 1 szt.", "brand": "Biedronka", "price": "6.98 PLN", "packaging_details": "1szt.- 6,98 zł / szt", "description_sections": [{"header": "Opis produktu", "content": "Awokado odmiany Hass ma nietypową, bo chropowatą, twardą i bardzo ciemną skórkę, jednak w środku wygląda podobnie jak jego „krewni” - jest zielonkawe, miejscami nawet żółte oraz niezwykle miękkie. Ten gatunek owocu jest uważany za najbardziej zdrowy."}, {"header": "Pozostałe informacje", "content": "Kraj pochodzenia:Brazylia,Chile,Gwatemala,Hiszpania,Izrael,Kenia,Kolumbia,Maroko,Peru,RPAKraj pochodzenia zależy od konkretnej partii produktu jaka znajduje się w sklepie. Informację o kraju pochodzenia znajdziesz na opakowaniu. Możesz również dodać komentarz z preferowanym typem produktu w koszyku lub wiadomości dla shoppera (np. “prosze o pomidory polskie”).Nazwa wymagana prawnie:Awokado hass"}], "images": ["data/images/bdf61e600e4355e6f101b23f7e2f9ef5.jpg"], "absolute_path": "Owoce/Owoce świeże/Produkt 3"}
{"name": "Produkt 1", "url": "https://zakupy.biedronka.pl/biedronka-banan-0000010047.html", "title": "Banan", "brand": "Biedronka", "price": "6.99 PLN", "packaging_details": "ok. 1 kg ~ 1kg- 6,99 zł / kg", "description_sections": [{"header": "Opis produktu", "content": "Banany to popularne owoce tropikalne, które są cenione za wyjątkowy smak, wysoką wartość odżywczą i wszechstronność kulinarną. Nasze banany pochodzą z najlepszych plantacji, co gwarantuje ich najwyższą jakość. Bogate w witaminy C, B6 i kwas foliowy, a także minerały takie jak potas i magnez, stanowią doskonały wybór na zdrową przekąskę. Idealne na surowo, w koktajlach, deserach oraz daniach egzotycznych, nasze banany są starannie selekcjonowane, aby zapewnić doskonałą świeżość i smak. Wybierz nasze banany i ciesz się naturalną słodyczą każdego dnia, idealną dla całej rodziny."}, {"header": "Pozostałe informacje", "content": "Kraj pochodzenia:Ekwador,Gwatemala,Kamerun,Kolumbia,Kostaryka,Meksyk,Nikaragua,Panama,Wyb. Kości Sł.Kraj pochodzenia zależy od konkretnej partii produktu jaka znajduje się w sklepie. Informację o kraju pochodzenia znajdziesz na opakowaniu. Możesz również dodać komentarz z preferowanym typem produktu w koszyku lub wiadomości dla shoppera (np. “prosze o pomidory polskie”).Nazwa wymagana prawnie:Banan Premium, 1 kiść"}], "images": ["data/images/9232d5d5e7821516b3cab31511f3dd23.jpg"], "absolute_path": "Owoce/Owoce świeże/Produkt 1"}
{"name": "Produkt 2", "url": "https://zakupy.biedronka.pl/biedronka-borowka-amerykanska-opak.-300-g-0000010318.html", "title": "Borówka amerykańska opak. 300 g", "brand": "Biedronka", "price": "17.99 PLN", "packaging_details": "0.3kg- 59,97 zł / kg", "description_sections": [{"header": "Opis produktu", "content": "Borówka amerykańska, znana również jako borówka wysoka, to owoc o wyjątkowych walorach smakowych i odżywczych. Jest ceniona za słodki smak i ciemnoniebieską barwę, a także za dostarczanie organizmowi wielu cennych składników odżywczych. Borówki amerykańskie są bogate w witaminy A, B, C, E oraz PP, a także w minerały takie jak cynk, miedź, selen, magnez, potas, żelazo i wapń. Spożywanie borówek amerykańskich może przyczynić się do poprawy pamięci, zmniejszenia ryzyka nadciśnienia, zapobiegania nowotworom, wspomagania pracy oczu i układu pokarmowego. Antyoksydanty zawarte w borówce amerykańskiej, w tym antocyjany i kwas elagowy, mogą zmniejszać ryzyko rozwoju nowotworów wątroby, płuc i przewodu pokarmowego."}, {"header": "Pozostałe informacje", "content": "Kraj pochodzenia:Polska,Hiszpania,Holandia,Litwa,Peru,RPA,Ukraina,Zambia,ZimbabweKraj pochodzenia zależy od konkretnej partii produktu jaka znajduje się w sklepie. Informację o kraju pochodzenia znajdziesz na opakowaniu. Możesz również dodać komentarz z preferowanym typem produktu w koszyku lub wiadomości dla shoppera (np. “prosze o pomidory polskie”).Nazwa wymagana prawnie:Borówka amerykańska"}], "images": ["data/images/30e121ee8e3c26b682f7aa4568881d8f.jpg"], "absolute_path": "Owoce/Owoce świeże/Produkt 2"}
{"name": "Produkt 5", "url": "https://zakupy.biedronka.pl/biedronka-mandarynka-0000010277.html", "title": "Mandarynka", "brand": "Biedronka", "price": "9.99 PLN", "packaging_details": "ok. 100 g ~ 0.1kg- 9,99 zł / kg", "description_sections": [{"header": "Opis produktu", "content": "Mandarynka to owoc, który zachwyca nie tylko swoim słodkim, soczystym smakiem, ale i bogactwem wartości odżywczych. Jest doskonałym źródłem witaminy C, która wzmacnia układ odpornościowy i chroni przed wolnymi rodnikami. Mandarynki są również bogate w witaminę A, wspierającą zdrowie skóry i oczu. Zawierają także witaminy z grupy B, które są kluczowe dla prawidłowego funkcjonowania układu nerwowego i metabolizmu energetycznego. Minerały takie jak potas, magnez, wapń i żelazo w mandarynkach przyczyniają się do zdrowia serca, kości i krwi. Ponadto, mandarynki zawierają nobiletynę - flawonoid, który pomaga zwalczać otyłość, zapobiegać cukrzycy typu 2 i miażdżycy naczyń."}, {"header": "Pozostałe informacje", "content": "Kraj pochodzenia:Egipt,Grecja,Hiszpania,Maroko,Peru,Portugalia,RPA,Turcja,WłochyKraj pochodzenia zależy od konkretnej partii produktu jaka znajduje się w sklepie. Informację o kraju pochodzenia znajdziesz na opakowaniu. Możesz również dodać komentarz z preferowanym typem produktu w koszyku lub wiadomości dla shoppera (np. “prosze o pomidory polskie”).Nazwa wymagana prawnie:Mandarynki"}], "images": ["data/images/c9a0beaefbed95b446b24642518cf038.jpg"], "absolute_path": "Owoce/Owoce świeże/Produkt 5"}
{"name": "Produkt 7", "url": "https://zakupy.biedronka.pl/biedronka-pomarancza-deserowa-0000010410.html", "title": "Pomarańcza deserowa", "brand": "Biedronka", "price": "6.99 PLN", "packaging_details": "ok. 300 g ~ 0.3kg- 6,99 zł / kg", "description_sections": [{"header": "Opis produktu", "content": "Pomarańcze deserowe to odmiana pomarańczy, idealna do bezpośredniego spożycia. Są słodkie, soczyste, zwykle bez pestek i łatwo się je obiera. Mają dość grubą skórkę i bardzo słodki, soczysty miąższ. Możesz je jeść jako zdrową przekąskę o każdej porze dnia. Skórka pomarańczy deserowych jest także świetna do przetworów lub w postaci kandyzowanej. Ciekawostką jest, że jedna pomarańcza zawiera tyle witaminy C, ile 10 jabłek albo 12 bananów!"}, {"header": "Pozostałe informacje", "content": "Kraj pochodzenia:Botswana,Egipt,Grecja,Hiszpania,RPA,Turcja,Włochy,ZimbabweKraj pochodzenia zależy od konkretnej partii produktu jaka znajduje się w sklepie. Informację o kraju pochodzenia znajdziesz na opakowaniu. Możesz również dodać komentarz z preferowanym typem produktu w koszyku lub wiadomości dla shoppera (np. “prosze o pomidory polskie”).Nazwa wymagana prawnie:Pomarańcze"}], "images": ["data/images/81479c696f50a0aa8011b8a75acd0073.jpg"], "absolute_path": "Owoce/Owoce świeże/Produkt 7"}
{"name": "Produkt 6", "url": "https://zakupy.biedronka.pl/biedronka-pomelo-rozowe-0000016194.html", "title": "Pomelo różowe", "brand": "Biedronka", "price": "14.99 PLN", "packaging_details": "ok. 1000 g ~ 1kg- 14,99 zł / kg", "description_sections": [{"header": "Pozostałe informacje", "content": "Kraj pochodzenia:WietnamKraj pochodzenia zależy od konkretnej partii produktu jaka znajduje się w sklepie. Informację o kraju pochodzenia znajdziesz na opakowaniu. Możesz również dodać komentarz z preferowanym typem produktu w koszyku lub wiadomości dla shoppera (np. “prosze o pomidory polskie”).Nazwa wymagana prawnie:Pomoelo różowe"}], "images": ["data/images/1bdd5eded9218eee462c8004a041b09d.jpg"], "absolute_path": "Owoce/Owoce świeże/Produkt 6"}
{"name": "Produkt 4", "url": "https://zakupy.biedronka.pl/biedronka-cytryna-opak.-500-g-0000010319.html", "title": "Cytryna opak. 500 g", "brand": "Biedronka", "price": "4.49 PLN", "packaging_details": "0.5kg- 8,98 zł / kg", "description_sections": [{"header": "Pozostałe informacje", "content": "Kraj pochodzenia:Argentyna,Botswana,Chile,Hiszpania,Nowa Zelandia,RPA,Turcja,Urugwaj,Włochy,ZimbabweKraj pochodzenia zależy od konkretnej partii produktu jaka znajduje się w sklepie. Informację o kraju pochodzenia znajdziesz na opakowaniu. Możesz również dodać komentarz z preferowanym typem produktu w koszyku lub wiadomości dla shoppera (np. “prosze o pomidory polskie”).Nazwa wymagana prawnie:Cytryna żółta"}], "images": ["data/images/36f75043813e55d2683e2be4a1485af4.jpg"], "absolute_path": "Owoce/Owoce świeże/Produkt 4"}
{"name": "Produkt 8", "url": "https://zakupy.biedronka.pl/biedronka-jablko-polskie-opak.-15-kg-0000010046.html", "title": "Jabłko polskie opak. 1,5 kg", "brand": "Biedronka", "price": "5.99 PLN", "packaging_details": "1.5kg- 3,99 zł / kg", "description_sections": [{"header": "Pozostałe informacje", "content": "Kraj pochodzenia:PolskaKraj pochodzenia zależy od konkretnej partii produktu jaka znajduje się w sklepie. Informację o kraju pochodzenia znajdziesz na opakowaniu. Możesz również dodać komentarz z preferowanym typem produktu w koszyku lub wiadomości dla shoppera (np. “prosze o pomidory polskie”).Nazwa wymagana prawnie:Jabłko Polskie"}], "images": ["data/images/f878a007c462aa048238451bc42585e0.jpg"], "absolute_path": "Owoce/Owoce świeże/Produkt 8"}
{"name": "Produkt 11", "url": "https://zakupy.biedronka.pl/biedronka-jablko-polskie-jonagold-0000010297.html", "title": "Jabłko Polskie Jonagold", "brand": "Biedronka", "price": "4.99 PLN", "packaging_details": "ok. 250g ~ 0.25kg- 4,99 zł / kg", "description_sections": [{"header": "Opis produktu", "content": "Jabłko Jonagold to odmiana, która wyróżnia się nie tylko wyjątkowym smakiem, ale i bogactwem wartości odżywczych. Jest to owoc o soczystym, gruboziarnistym miąższu, który jest słodkawy i bardzo aromatyczny. Jabłka Jonagold są doskonałym źródłem witaminy C, wspierającej układ odpornościowy i skórę, oraz błonnika, który jest istotny dla zdrowia układu trawiennego. Odmiana ta jest również ceniona za swoje właściwości antyoksydacyjne, które mogą przyczyniać się do zwalczania wolnych rodników i opóźnienia procesów starzenia. Jabłka Jonagold są idealne do spożycia bezpośredniego, ale nadają się także na przetwory, ciasta, sałatki, suszenie, czy na sos jabłkowy. Są to owoce duże, zazwyczaj ważące od 140 do 200 g, o ładnej, matowej skórce z rozległym, malinowo-czerwonym rumieńcem. Ich skórka jest gładka, lśniąca, a miąższ kremowy, soczysty, delikatnie kwaskowaty, miękki i bardzo smaczny."}, {"header": "Pozostałe informacje", "content": "Kraj pochodzenia:PolskaKraj pochodzenia zależy od konkretnej partii produktu jaka znajduje się w sklepie. Informację o kraju pochodzenia znajdziesz na opakowaniu. Możesz również dodać komentarz z preferowanym typem produktu w koszyku lub wiadomości dla shoppera (np. “prosze o pomidory polskie”).Nazwa wymagana prawnie:Jabłko Polskie Jonagold"}], "images": ["data/images/642140050667499823356c78c74d53e1.jpg"], "absolute_path": "Owoce/Owoce świeże/Produkt 11"}
{"name": "Produkt 13", "url": "https://zakupy.biedronka.pl/jablko-polskie-0000011857.html", "title": "Jabłko polskie", "brand": null, "price": "4.99 PLN", "packaging_details": "ok. 200 g ~ 0.2kg- 4,99 zł / kg", "description_sections": [{"header": "Pozostałe informacje", "content": "Kraj pochodzenia:PolskaKraj pochodzenia zależy od konkretnej partii produktu jaka znajduje się w sklepie. Informację o kraju pochodzenia znajdziesz na opakowaniu. Możesz również dodać komentarz z preferowanym typem produktu w koszyku lub wiadomości dla shoppera (np. “prosze o pomidory polskie”).Nazwa wymagana prawnie:Jabłko polskie"}], "images": ["data/images/76760031e5b4d048b70f25de7468a817.jpg"], "absolute_path": "Owoce/Owoce świeże/Produkt 13"}
{"name": "Produkt 10", "url": "https://zakupy.biedronka.pl/biedronka-awokado-1-szt.-0000010230.html", "title": "Awokado 1 szt.", "brand": "Biedronka", "price": "6.49 PLN", "packaging_details": "1szt.- 6,49 zł / szt", "description_sections": [{"header": "Opis produktu", "content": "Awokado to owoc o wyjątkowych właściwościach odżywczych, który zasługuje na uwagę. Jest bogaty w witaminy A, C, E, K i H, a także witaminy z grupy B, takie jak B1 (tiamina) i B2 (ryboflawina). Ponadto, awokado zawiera kwas foliowy i kwas pantotenowy, a także substancje mineralne: wapń, miedź, żelazo, mangan, potas i fosfor. Znane ze swojej chropowatej, zielonej skóry, awokado jest czasem nazywane gruszką aligatora. Jest to tzw. owoc maślany, ponieważ około 30% jego składu stanowią tłuszcze nienasycone, które są korzystne dla zdrowia. Awokado to także cenne źródło białka i błonnika, wspierające zdrowie serca i układu krążenia."}, {"header": "Pozostałe informacje", "content": "Kraj pochodzenia:Brazylia,Chile,Gwatemala,Hiszpania,Izrael,Kenia,Maroko,Peru,Portugalia,RPA,St Kitts&NevisKraj pochodzenia zależy od konkretnej partii produktu jaka znajduje się w sklepie. Informację o kraju pochodzenia znajdziesz na opakowaniu. Możesz również dodać komentarz z preferowanym typem produktu w koszyku lub wiadomości dla shoppera (np. “prosze o pomidory polskie”).Nazwa wymagana prawnie:Awokado"}], "images": ["data/images/abda43898bf38e9900002aee84aa040f.jpg"], "absolute_path": "Owoce/Owoce świeże/Produkt 10"}
{"name": "Produkt 12", "url": "https://zakupy.biedronka.pl/biedronka-gruszka-konferencja-0000010295.html", "title": "Gruszka konferencja", "brand": "Biedronka", "price": "7.99 PLN", "packaging_details": "ok. 250 g ~ 0.25kg- 7,99 zł / kg", "description_sections": [{"header": "Opis produktu", "content": "Gruszki konferencja są cenione za wysoką zawartość błonnika, który wspomaga trawienie i może przyczyniać się do obniżenia ciśnienia krwi. Są również źródłem potasu, który jest kluczowy dla zdrowia serca i układu krwionośnego. Ponadto, zawierają jod, który pozytywnie wpływa na funkcjonowanie tarczycy, oraz bor, wspierający pracę mózgu i koncentrację. Regularne spożywanie gruszek może zmniejszać ryzyko cukrzycy typu 2 i udarów mózgu. Zawartość witamin, takich jak witamina C, K oraz witaminy z grupy B, czyni je doskonałym wyborem dla wsparcia układu odpornościowego i energetycznego. Gruszki to nie tylko smaczny, ale i zdrowy wybór dla każdego, kto ceni sobie naturalne produkty pełne wartości odżywczych."}, {"header": "Pozostałe informacje", "content": "Kraj pochodzenia:Polska,Belgia,HolandiaKraj pochodzenia zależy od konkretnej partii produktu jaka znajduje się w sklepie. Informację o kraju pochodzenia znajdziesz na opakowaniu. Możesz również dodać komentarz z preferowanym typem produktu w koszyku lub wiadomości dla shoppera (np. “prosze o pomidory polskie”).Nazwa wymagana prawnie:Gruszka konferencja"}], "images": ["data/images/e97322cc27e2498f47c7b6ca18fa534e.jpg"], "absolute_path": "Owoce/Owoce świeże/Produkt 12"}
{"name": "Produkt 9", "url": "https://zakupy.biedronka.pl/biedronka-winogrono-jasne-bezpestkowe-0000010408.html", "title": "Winogrono jasne bezpestkowe", "brand": "Biedronka", "price": "14.99 PLN", "packaging_details": "ok. 500 g ~ 0.5kg- 14,99 zł / kg", "description_sections": [{"header": "Pozostałe informacje", "content": "Kraj pochodzenia:Brazylia,Chile,Egipt,Indie,Namibia,Peru,RPA,WłochyKraj pochodzenia zależy od konkretnej partii produktu jaka znajduje się w sklepie. Informację o kraju pochodzenia znajdziesz na opakowaniu. Możesz również dodać komentarz z preferowanym typem produktu w koszyku lub wiadomości dla shoppera (np. “prosze o pomidory polskie”).Nazwa wymagana prawnie:Winogrono jasne"}], "images": ["data/images/637208030037d2bca323c111e2f69437.jpg"], "absolute_path": "Owoce/Owoce świeże/Produkt 9"}
{"name": "Produkt 14", "url": "https://zakupy.biedronka.pl/biedronka-winogrono-jasne-0000010850.html", "title": "Winogrono jasne", "brand": "Biedronka", "price": "9.99 PLN", "packaging_details": "ok. 500g ~ 0.5kg- 9,99 zł / kg", "description_sections": [{"header": "Pozostałe informacje", "content": "Kraj pochodzenia:Grecja,Maroko,WłochyKraj pochodzenia zależy od konkretnej partii produktu jaka znajduje się w sklepie. Informację o kraju pochodzenia znajdziesz na opakowaniu. Możesz również dodać komentarz z preferowanym typem produktu w koszyku lub wiadomości dla shoppera (np. “prosze o pomidory polskie”).Nazwa wymagana prawnie:Winogrono jasne"}], "images": ["data/images/731a26999c8c41e8932501082af29339.jpg"], "absolute_path": "Owoce/Owoce świeże/Produkt 14"}
{"name": "Produkt 16", "url": "https://zakupy.biedronka.pl/biedronka-grapefruit-czerwony-0000010526.html", "title": "Grapefruit czerwony", "brand": "Biedronka", "price": "6.99 PLN", "packaging_details": "ok. 380 g ~ 0.38kg- 6,99 zł / kg", "description_sections": [{"header": "Opis produktu", "content": "Grapefruit czerwony to cytrus o wyjątkowych właściwościach odżywczych, który zasługuje na szczególną uwagę. Jest bogaty w witaminę C, która wzmacnia układ odpornościowy i pomaga w walce z wolnymi rodnikami. Zawiera również witaminy A i z grupy B, które są niezbędne dla zdrowia skóry i prawidłowego funkcjonowania układu nerwowego. Minerały takie jak wapń, fosfor, potas, miedź i żelazo w grejpfrucie czerwonym przyczyniają się do zdrowia kości, serca i krwi. Bioflawonoidy obecne w owocu mają właściwości antyoksydacyjne i mogą chronić przed starzeniem się oraz rozwojem komórek nowotworowych."}, {"header": "Pozostałe informacje", "content": "Kraj pochodzenia:Botswana,Egipt,Eswatini,Hiszpania,Izrael,RPA,Turcja,ZimbabweKraj pochodzenia zależy od konkretnej partii produktu jaka znajduje się w sklepie. Informację o kraju pochodzenia znajdziesz na opakowaniu. Możesz również dodać komentarz z preferowanym typem produktu w koszyku lub wiadomości dla shoppera (np. “prosze o pomidory polskie”).Nazwa wymagana prawnie:Grapefriut czerwony"}], "images": ["data/images/ce67d9d58eba51f5d1268ac4b1907af7.jpg"], "absolute_path": "Owoce/Owoce świeże/Produkt 16"}
{"name": "Produkt 17", "url": "https://zakupy.biedronka.pl/biedronka-ananas-caly-0000010064.html", "title": "Ananas cały", "brand": "Biedronka", "price": "6.99 PLN", "packaging_details": "ok. 1,5 kg ~ 1.5kg- 6,99 zł / kg", "description_sections": [{"header": "Opis produktu", "content": "Ananasy ceni się nie tylko za soczystość i orzeźwiający słodko-cierpki smak, ale również korzystny wpływ na organizm. Spore ilości witaminy C i bromelainy (bromeliny) o silnych właściwościach przeciwzapalnych to tylko niektóre z leczniczych związków obecnych w ananasie."}, {"header": "Pozostałe informacje", "content": "Kraj pochodzenia:Ekwador,Honduras,Kostaryka,Panama,Wyb. Kości Sł.Kraj pochodzenia zależy od konkretnej partii produktu jaka znajduje się w sklepie. Informację o kraju pochodzenia znajdziesz na opakowaniu. Możesz również dodać komentarz z preferowanym typem produktu w koszyku lub wiadomości dla shoppera (np. “prosze o pomidory polskie”).Nazwa wymagana prawnie:Ananas cały"}], "images": ["data/images/c3961c6c2aa120c57388c6b621a9c4d9.jpg"], "absolute_path": "Owoce/Owoce świeże/Produkt 17"}
{"name": "Produkt 15", "url": "https://zakupy.biedronka.pl/biedronka-mango-dojrzale-1-szt.-0000017725.html", "title": "Mango dojrzałe 1 szt.", "brand": "Biedronka", "price": "8.99 PLN", "packaging_details": "1szt.- 8,99 zł / szt", "description_sections": [{"header": "Pozostałe informacje", "content": "Kraj pochodzenia:Brazylia,Egipt,Hiszpania,Izrael,Kolumbia,Mali,Peru,Rep. Dominikany,Senegal,Wyb. Kości Sł.Kraj pochodzenia zależy od konkretnej partii produktu jaka znajduje się w sklepie. Informację o kraju pochodzenia znajdziesz na opakowaniu. Możesz również dodać komentarz z preferowanym typem produktu w koszyku lub wiadomości dla shoppera (np. “prosze o pomidory polskie”).Nazwa wymagana prawnie:Mango premium dojrzałe"}], "images": ["data/images/c314c726391525abbeda7181d12c9299.jpg"], "absolute_path": "Owoce/Owoce świeże/Produkt 15"}
{"name": "Produkt 18", "url": "https://zakupy.biedronka.pl/biedronka-winogrono-rozowe-0000010093.html", "title": "Winogrono różowe", "brand": "Biedronka", "price": "12.99 PLN", "packaging_details": "ok. 500g ~ 0.5kg- 12,99 zł / kg", "description_sections": [{"header": "Opis produktu", "content": "Winogrono różowe to owoc, który zachwyca nie tylko kolorem, ale i bogactwem wartości odżywczych. Jest źródłem witamin C i A, które wzmacniają układ odpornościowy i poprawiają kondycję skóry. Witaminy z grupy B zawarte w winogronach różowych przyczyniają się do prawidłowego funkcjonowania układu nerwowego i metabolizmu energetycznego. Minerały takie jak potas, fosfor, wapń, magnez, cynk, miedź i żelazo wspierają zdrowie serca, kości i krwi. Jod, który również znajduje się w winogronach, jest niezbędny dla funkcjonowania tarczycy. Błonnik w winogronach różowych pomaga w trawieniu i może przyczyniać się do obniżenia poziomu cholesterolu. Flawonoidy, zwłaszcza te znajdujące się w pestkach i skórkach, mają właściwości antynowotworowe i przeciwutleniające."}, {"header": "Pozostałe informacje", "content": "Kraj pochodzenia:Brazylia,Chile,Egipt,Grecja,Hiszpania,Mołdawia,Peru,RPA,WłochyKraj pochodzenia zależy od konkretnej partii produktu jaka znajduje się w sklepie. Informację o kraju pochodzenia znajdziesz na opakowaniu. Możesz również dodać komentarz z preferowanym typem produktu w koszyku lub wiadomości dla shoppera (np. “prosze o pomidory polskie”).Nazwa wymagana prawnie:Winogrono różowe"}], "images": ["data/images/de414ec1a728450b6f3f8127b1f2b5a4.jpg"], "absolute_path": "Owoce/Owoce świeże/Produkt 18"}
{"name": "Produkt 21", "url": "https://zakupy.biedronka.pl/biedronka-imbir-0000010100.html", "title": "Imbir", "brand": "Biedronka", "price": "24.9 PLN", "packaging_details": "ok. 100 g ~ 0.1kg- 24,90 zł / kg", "description_sections": [{"header": "Pozostałe informacje", "content": "Kraj pochodzenia:Brazylia,Peru,TajlandiaKraj pochodzenia zależy od konkretnej partii produktu jaka znajduje się w sklepie. Informację o kraju pochodzenia znajdziesz na opakowaniu. Możesz również dodać komentarz z preferowanym typem produktu w koszyku lub wiadomości dla shoppera (np. “prosze o pomidory polskie”).Nazwa wymagana prawnie:Imbir"}], "images": ["data/images/215a04ef4d2dd149cec9e570b7cfbe31.jpg"], "absolute_path": "Owoce/Owoce świeże/Produkt 21"}
{"name": "Produkt 22", "url": "https://zakupy.biedronka.pl/biedronka-granat-0000010094.html", "title": "Granat", "brand": "Biedronka", "price": "19.99 PLN", "packaging_details": "ok. 400 g ~ 0.4kg- 19,99 zł / kg", "description_sections": [{"header": "Opis produktu", "content": "Granat to owoc o niezwykłych właściwościach odżywczych, który zasługuje na uwagę. Jest bogaty w witaminy K i C, które są niezbędne dla zdrowia kości i układu odpornościowego. Zawiera również kwas foliowy, potas i miedź, które wspierają zdrowie serca i układu krążenia. Przeciwutleniacze obecne w granacie, takie jak polifenole, mogą zmniejszać ryzyko chorób serca i działają bakteriobójczo oraz przeciwwirusowo."}, {"header": "Pozostałe informacje", "content": "Kraj pochodzenia:Argentyna,Egipt,Izrael,Peru,TurcjaKraj pochodzenia zależy od konkretnej partii produktu jaka znajduje się w sklepie. Informację o kraju pochodzenia znajdziesz na opakowaniu. Możesz również dodać komentarz z preferowanym typem produktu w koszyku lub wiadomości dla shoppera (np. “prosze o pomidory polskie”).Nazwa wymagana prawnie:Granat"}], "images": ["data/images/c3e7282daab144e9c16dedb88637712c.jpg"], "absolute_path": "Owoce/Owoce świeże/Produkt 22"}
{"name": "Produkt 23", "url": "https://zakupy.biedronka.pl/biedronka-limonka-1-szt.-0000010350.html", "title": "Limonka 1 szt.", "brand": "Biedronka", "price": "1.98 PLN", "packaging_details": "1szt.- 1,98 zł / szt", "description_sections": [{"header": "Opis produktu", "content": "Limonka, znana również jako limetka, to cytrus o intensywnym, kwaśnym smaku i licznych właściwościach odżywczych. Bogata w witaminę C, wspiera układ odpornościowy i pomaga w walce z wolnymi rodnikami. Zawiera również witaminy A i z grupy B, które są niezbędne dla zdrowia skóry i prawidłowego funkcjonowania układu nerwowego. Minerały takie jak wapń, fosfor, potas, miedź i żelazo w limonce przyczyniają się do zdrowia kości, serca i krwi. Bioflawonoidy obecne w owocu mają właściwości antyoksydacyjne i mogą chronić przed starzeniem się oraz rozwojem komórek nowotworowych."}, {"header": "Pozostałe informacje", "content": "Kraj pochodzenia:Brazylia,Kolumbia,Maroko,Meksyk,Peru,WietnamKraj pochodzenia zależy od konkretnej partii produktu jaka znajduje się w sklepie. Informację o kraju pochodzenia znajdziesz na opakowaniu. Możesz również dodać komentarz z preferowanym typem produktu w koszyku lub wiadomości dla shoppera (np. “prosze o pomidory polskie”).Nazwa wymagana prawnie:Limonka"}], "images": ["data/images/ec92918d016060b3764efcf8fef516fb.jpg"], "absolute_path": "Owoce/Owoce świeże/Produkt 23"}
{"name": "Produkt 19", "url": "https://zakupy.biedronka.pl/biedronka-melon-zolty-0000010097.html", "title": "Melon żółty", "brand": "Biedronka", "price": "7.99 PLN", "packaging_details": "ok. 2 kg ~ 2kg- 7,99 zł / kg", "description_sections": [{"header": "Opis produktu", "content": "Melon żółty, znany również jako melon miodowy, to soczysty owoc o słodkim smaku i bogatym profilu odżywczym. Jest doskonałym źródłem witaminy C, która wspiera układ odpornościowy i skórę, oraz kwasu foliowego, kluczowego dla zdrowia krwi i rozwoju płodu. Melon żółty dostarcza również potasu, niezbędnego dla zdrowia serca i regulacji ciśnienia krwi. Zawiera beta-karoten, który może chronić przed niektórymi nowotworami i miażdżycą, a także pektyny, wspomagające trawienie. Bogaty w wodę, melon jest niskokaloryczny, co czyni go idealnym wyborem dla osób dbających o linię. Jego łatwostrawne cukry, takie jak glukoza i fruktoza, dostarczają szybkiego źródła energii. Melon żółty to także źródło żelaza, wspierającego produkcję czerwonych krwinek, oraz magnezu, ważnego dla zdrowia kości i mięśni. Regularne spożywanie melona żółtego może przyczyniać się do poprawy wrażliwości na insulinę i zmniejszenia stanów zapalnych. Jego właściwości przeczyszczające i moczopędne mogą wspierać detoksykację organizmu."}, {"header": "Pozostałe informacje", "content": "Kraj pochodzenia:Brazylia,Hiszpania,Kostaryka,Panama,WłochyKraj pochodzenia zależy od konkretnej partii produktu jaka znajduje się w sklepie. Informację o kraju pochodzenia znajdziesz na opakowaniu. Możesz również dodać komentarz z preferowanym typem produktu w koszyku lub wiadomości dla shoppera (np. “prosze o pomidory polskie”).Nazwa wymagana prawnie:Melon żółty"}], "images": ["data/images/3c1040f70061c0cb4f676de2848ecdbb.jpg"], "absolute_path": "Owoce/Owoce świeże/Produkt 19"}
{"name": "Produkt 20", "url": "https://zakupy.biedronka.pl/biedronka-arbuz-mini-0000010142.html", "title": "Arbuz mini", "brand": "Biedronka", "price": "6.99 PLN", "packaging_details": "ok. 3 kg ~ 3kg- 6,99 zł / kg", "description_sections": [{"header": "Pozostałe informacje", "content": "Kraj pochodzenia:Polska,Brazylia,Grecja,Hiszpania,Turcja,WłochyKraj pochodzenia zależy od konkretnej partii produktu jaka znajduje się w sklepie. Informację o kraju pochodzenia znajdziesz na opakowaniu. Możesz również dodać komentarz z preferowanym typem produktu w koszyku lub wiadomości dla shoppera (np. “prosze o pomidory polskie”).Nazwa wymagana prawnie:Arbuz Mini"}], "images": ["data/images/ce652243196e1f2e02295d1928780c71.jpg"], "absolute_path": "Owoce/Owoce świeże/Produkt 20"}
{"name": "Produkt 25", "url": "https://zakupy.biedronka.pl/biedronka-arbuz-0000010370.html", "title": "Arbuz", "brand": "Biedronka", "price": "6.99 PLN", "packaging_details": "ok. 5kg ~ 5kg- 6,99 zł / kg", "description_sections": [{"header": "Pozostałe informacje", "content": "Kraj pochodzenia:Polska,Albania,Grecja,Hiszpania,Kostaryka,Rumunia,Turcja,Węgry,WłochyKraj pochodzenia zależy od konkretnej partii produktu jaka znajduje się w sklepie. Informację o kraju pochodzenia znajdziesz na opakowaniu. Możesz również dodać komentarz z preferowanym typem produktu w koszyku lub wiadomości dla shoppera (np. “prosze o pomidory polskie”).Nazwa wymagana prawnie:Arbuz"}], "images": ["data/images/41b7afca3254990c4902c6ac37ef73de.jpg"], "absolute_path": "Owoce/Owoce świeże/Produkt 25"}
{"name": "Produkt 24", "url": "https://zakupy.biedronka.pl/biedronka-sliwka-0000010056.html", "title": "Śliwka", "brand": "Biedronka", "price": "14.99 PLN", "packaging_details": "ok. 100 g ~ 0.1kg- 14,99 zł / kg", "description_sections": [{"header": "Opis produktu", "content": "Śliwka to owoc, który łączy w sobie słodycz z bogactwem wartości odżywczych. Jest źródłem witamin A, C, E, K oraz witamin z grupy B, które są niezbędne dla zdrowia układu nerwowego i poprawy samopoczucia. Śliwki dostarczają również minerałów takich jak potas, wspierający pracę serca, żelazo, kluczowe dla produkcji czerwonych krwinek, magnez, ważny dla zdrowia kości i mięśni, oraz wapń i fosfor. Zawierają one także błonnik, który reguluje trawienie i może przyczyniać się do obniżenia ryzyka chorób jelita grubego. Antyoksydacyjne właściwości śliwek, wynikające z obecności polifenoli, w tym katechin i kwasu chlorogenowego, mogą mieć działanie antynowotworowe oraz przeciwmiażdżycowe."}, {"header": "Pozostałe informacje", "content": "Kraj pochodzenia:Polska,Chile,Grecja,Hiszpania,Mołdawia,RPA,WłochyKraj pochodzenia zależy od konkretnej partii produktu jaka znajduje się w sklepie. Informację o kraju pochodzenia znajdziesz na opakowaniu. Możesz również dodać komentarz z preferowanym typem produktu w koszyku lub wiadomości dla shoppera (np. “prosze o pomidory polskie”).Nazwa wymagana prawnie:Śliwka"}], "images": ["data/images/2d5d4f898100dc7f68316c5240235e0b.jpg"], "absolute_path": "Owoce/Owoce świeże/Produkt 24"}
{"name": "Produkt 27", "url": "https://zakupy.biedronka.pl/biedronka-winogrono-bezpestkowe-mix-opak.-500-g-0000010551.html", "title": "Winogrono bezpestkowe mix opak. 500 g", "brand": "Biedronka", "price": "12.99 PLN", "packaging_details": "0.5kg- 25,98 zł / kg", "description_sections": [{"header": "Pozostałe informacje", "content": "Kraj pochodzenia:Egipt,WłochyKraj pochodzenia zależy od konkretnej partii produktu jaka znajduje się w sklepie. Informację o kraju pochodzenia znajdziesz na opakowaniu. Możesz również dodać komentarz z preferowanym typem produktu w koszyku lub wiadomości dla shoppera (np. “prosze o pomidory polskie”).Nazwa wymagana prawnie:Winogrono białe winogrono czerwone"}], "images": ["data/images/6448506acd14bb9139969df2c4f895ab.jpg"], "absolute_path": "Owoce/Owoce świeże/Produkt 27"}
{"name": "Produkt 26", "url": "https://zakupy.biedronka.pl/biedronka-czeresnie-0000010468.html", "title": "Czereśnie", "brand": "Biedronka", "price": "29.99 PLN", "packaging_details": "ok. 200 g ~ 0.2kg- 29,99 zł / kg", "description_sections": [{"header": "Opis produktu", "content": "Czereśnie to smakowite owoce, które kuszą nie tylko swoim słodkim smakiem, ale również imponującym profilem odżywczym. Są one bogate w witaminy, takie jak A, C, E, K oraz witaminy z grupy B, które są niezbędne dla zdrowia skóry, wzmacniania układu odpornościowego i poprawy metabolizmu. Minerały takie jak potas, wapń, żelazo, magnez i fosfor znajdujące się w czereśniach wspierają zdrowie serca, kości i krwi. Czereśnie są również źródłem błonnika, który może pomóc w utrzymaniu zdrowia jelit i zapobiec zaparciom."}, {"header": "Pozostałe informacje", "content": "Kraj pochodzenia:Polska,Grecja,Hiszpania,Turcja,Węgry,WłochyKraj pochodzenia zależy od konkretnej partii produktu jaka znajduje się w sklepie. Informację o kraju pochodzenia znajdziesz na opakowaniu. Możesz również dodać komentarz z preferowanym typem produktu w koszyku lub wiadomości dla shoppera (np. “prosze o pomidory polskie”).Nazwa wymagana prawnie:Czereśnie"}], "images": ["data/images/2a60c0639727e7440d248c3178ee9ef3.jpg"], "absolute_path": "Owoce/Owoce świeże/Produkt 26"}
{"name": "Produkt 28", "url": "https://zakupy.biedronka.pl/biedronka-winogrono-ciemne-bezpestkowe-opak.-400-g-0000010228.html", "title": "Winogrono ciemne bezpestkowe opak. 400 g", "brand": "Biedronka", "price": "12.99 PLN", "packaging_details": "0.4kg- 32,48 zł / kg", "description_sections": [{"header": "Pozostałe informacje", "content": "Kraj pochodzenia:Chile,Namibia,Peru,RPAKraj pochodzenia zależy od konkretnej partii produktu jaka znajduje się w sklepie. Informację o kraju pochodzenia znajdziesz na opakowaniu. Możesz również dodać komentarz z preferowanym typem produktu w koszyku lub wiadomości dla shoppera (np. “prosze o pomidory polskie”).Nazwa wymagana prawnie:Winogrono ciemne bezpestkowe"}], "images": ["data/images/4614ff3ed90bb130796063adba943891.jpg"], "absolute_path": "Owoce/Owoce świeże/Produkt 28"}
{"name": "Produkt 30", "url": "https://zakupy.biedronka.pl/biedronka-malina-polska-125-g-0000010209.html", "title": "Malina polska 125 g", "brand": "Biedronka", "price": "7.99 PLN", "packaging_details": "0.125kg- 63,92 zł / kg", "description_sections": [{"header": "Opis produktu", "content": "Malina polska to owoc, który zachwyca nie tylko smakiem, ale i właściwościami odżywczymi. Jest źródłem witamin C, E, B1, B2, B6 oraz minerałów takich jak potas, magnez, wapń i żelazo. Niska kaloryczność, zaledwie 52 kcal na 100g, sprawia, że maliny są doskonałym wyborem dla osób dbających o linię. Bogactwo błonnika, aż 6.5g na 100g, przyczynia się do poprawy trawienia i daje uczucie sytości. Maliny są także cennym składnikiem diety antyoksydacyjnej dzięki zawartości antocyjanów. Dodatkowo, zawierają kwasy organiczne, które wspierają zdrowie układu pokarmowego."}, {"header": "Pozostałe informacje", "content": "Kraj pochodzenia:PolskaKraj pochodzenia zależy od konkretnej partii produktu jaka znajduje się w sklepie. Informację o kraju pochodzenia znajdziesz na opakowaniu. Możesz również dodać komentarz z preferowanym typem produktu w koszyku lub wiadomości dla shoppera (np. “prosze o pomidory polskie”).Nazwa wymagana prawnie:Malina czerwona polska"}], "images": ["data/images/a542d833cfbeaeff809c14969f49f018.jpg"], "absolute_path": "Owoce/Owoce świeże/Produkt 30"}
{"name": "Produkt 32", "url": "https://zakupy.biedronka.pl/biedronka-winogrono-rozowe-bezpestkowe-0000016455.html", "title": "Winogrono różowe bezpestkowe", "brand": "Biedronka", "price": "17.99 PLN", "packaging_details": "ok. 500 g ~ 0.5kg- 17,99 zł / kg", "description_sections": [{"header": "Pozostałe informacje", "content": "Nazwa wymagana prawnie:Winogrono różowe bezpestkowe"}], "images": ["data/images/7eeeb59339dd1fd5534a743ff433ff79.jpg"], "absolute_path": "Owoce/Owoce świeże/Produkt 32"}
{"name": "Produkt 31", "url": "https://zakupy.biedronka.pl/biedronka-winogrono-jasne-bezpestkowe-opak.-400-g-0000010227.html", "title": "Winogrono jasne bezpestkowe opak. 400 g", "brand": "Biedronka", "price": "12.99 PLN", "packaging_details": "0.4kg- 32,48 zł / kg", "description_sections": [{"header": "Pozostałe informacje", "content": "Kraj pochodzenia:Chile,Namibia,Peru,RPA,WłochyKraj pochodzenia zależy od konkretnej partii produktu jaka znajduje się w sklepie. Informację o kraju pochodzenia znajdziesz na opakowaniu. Możesz również dodać komentarz z preferowanym typem produktu w koszyku lub wiadomości dla shoppera (np. “prosze o pomidory polskie”).Nazwa wymagana prawnie:Winogrono jasne bezpestkowe"}], "images": ["data/images/a2acd1af88b89bb1c88ab79af2fa1565.jpg"], "absolute_path": "Owoce/Owoce świeże/Produkt 31"}
{"name": "Produkt 33", "url": "https://zakupy.biedronka.pl/biedronka-jablko-polskie-idared-0000010304.html", "title": "Jabłko Polskie Idared", "brand": "Biedronka", "price": "5.99 PLN", "packaging_details": "ok. 200g ~ 0.2kg- 5,99 zł / kg", "description_sections": [{"header": "Opis produktu", "content": "Jabłoń Idared jest to odmiana amerykańska otrzymana ze skrzyżowania Jonatana i Wagenera. Charakterystyczny smak jabłka Idared jest słodki, delikatnie kwaskowy i soczysty."}, {"header": "Pozostałe informacje", "content": "Nazwa wymagana prawnie:Jabłko Polskie Idared"}], "images": ["data/images/66d2877c83b09838bbcc0efb5a66bd4e.jpg"], "absolute_path": "Owoce/Owoce świeże/Produkt 33"}
{"name": "Produkt 29", "url": "https://zakupy.biedronka.pl/biedronka-physalis-opak.-100-g-0000010102.html", "title": "Physalis opak. 100 g", "brand": "Biedronka", "price": "7.99 PLN", "packaging_details": "0.1kg- 79,90 zł / kg", "description_sections": [{"header": "Opis produktu", "content": "Physalis, znana również jako miechunka peruwiańska, to owoc o wyjątkowych właściwościach odżywczych. Jest niskokaloryczna, z wartością energetyczną wynoszącą tylko 53 kcal na 100g, co sprawia, że jest idealna dla osób dbających o linię. Bogata w witaminę C i A, wspiera układ odpornościowy i wzrok, a także pomaga utrzymać zdrową skórę. Zawiera również niacynę, tiaminę oraz karotenoidy, które są korzystne dla zdrowia oczu. Jej spożycie może obniżać poziom glukozy we krwi i wykazuje działanie ochronne na wątrobę. Zawartość błonnika sprzyja prawidłowemu funkcjonowaniu układu trawiennego, a obecność antyoksydantów może chronić przed chorobami nowotworowymi."}, {"header": "Pozostałe informacje", "content": "Kraj pochodzenia:KolumbiaKraj pochodzenia zależy od konkretnej partii produktu jaka znajduje się w sklepie. Informację o kraju pochodzenia znajdziesz na opakowaniu. Możesz również dodać komentarz z preferowanym typem produktu w koszyku lub wiadomości dla shoppera (np. “prosze o pomidory polskie”).Nazwa wymagana prawnie:Physalis"}], "images": ["data/images/39a6c0f29ebc89c41dee8922e861d636.jpg"], "absolute_path": "Owoce/Owoce świeże/Produkt 29"}
{"name": "Produkt 36", "url": "https://zakupy.biedronka.pl/biedronka-truskawka-opak.-500-g-0000010420.html", "title": "Truskawka opak. 500 g", "brand": "Biedronka", "price": "12.99 PLN", "packaging_details": "0.5kg- 25,98 zł / kg", "description_sections": [{"header": "Pozostałe informacje", "content": "Kraj pochodzenia:Polska,Egipt,Grecja,Hiszpania,MarokoKraj pochodzenia zależy od konkretnej partii produktu jaka znajduje się w sklepie. Informację o kraju pochodzenia znajdziesz na opakowaniu. Możesz również dodać komentarz z preferowanym typem produktu w koszyku lub wiadomości dla shoppera (np. “prosze o pomidory polskie”).Nazwa wymagana prawnie:Truskawka"}], "images": ["data/images/18e5f7044e3eaac37b8e11b922458b98.jpg"], "absolute_path": "Owoce/Owoce świeże/Produkt 36"}
{"name": "Produkt 34", "url": "https://zakupy.biedronka.pl/biedronka-kiwi-1-szt.-0000010232.html", "title": "Kiwi 1 szt.", "brand": "Biedronka", "price": "1.99 PLN", "packaging_details": "1szt.- 1,99 zł / szt", "description_sections": [{"header": "Opis produktu", "content": "Kiwi to owoc o wyjątkowych właściwościach odżywczych, który zasługuje na uwagę. Jest bogaty w witaminę C, która wzmacnia układ odpornościowy i pomaga w walce z wolnymi rodnikami. Zawiera również witaminy A, E, K, kwas foliowy oraz minerały takie jak potas i miedź, które wspierają prawidłowe funkcjonowanie organizmu. Kiwi jest również źródłem błonnika pokarmowego, który wspomaga trawienie i może przeciwdziałać zaparciom."}, {"header": "Pozostałe informacje", "content": "Kraj pochodzenia:Chile,Grecja,WłochyKraj pochodzenia zależy od konkretnej partii produktu jaka znajduje się w sklepie. Informację o kraju pochodzenia znajdziesz na opakowaniu. Możesz również dodać komentarz z preferowanym typem produktu w koszyku lub wiadomości dla shoppera (np. “prosze o pomidory polskie”).Nazwa wymagana prawnie:Kiwi zielone"}], "images": ["data/images/1ed47aa7040dd4d0f4aa8199530b43d4.jpg"], "absolute_path": "Owoce/Owoce świeże/Produkt 34"}
{"name": "Produkt 35", "url": "https://zakupy.biedronka.pl/biedronka-kokos-swiezy-1-szt.-0000011489.html", "title": "Kokos świeży 1 szt.", "brand": "Biedronka", "price": "14.99 PLN", "packaging_details": "1szt.- 14,99 zł / szt", "description_sections": [{"header": "Pozostałe informacje", "content": "Nazwa wymagana prawnie:Kokoś świeży"}], "images": ["data/images/943921c5671ddcc697ef0bde14c958bf.jpg"], "absolute_path": "Owoce/Owoce świeże/Produkt 35"}
{"name": "Produkt 38", "url": "https://zakupy.biedronka.pl/biedronka-nektarynka-0000010045.html", "title": "Nektarynka", "brand": "Biedronka", "price": "14.99 PLN", "packaging_details": "ok. 150 g ~ 0.15kg- 14,99 zł / kg", "description_sections": [{"header": "Pozostałe informacje", "content": "Kraj pochodzenia:Polska,Chile,Grecja,Hiszpania,RPA,Turcja,WłochyKraj pochodzenia zależy od konkretnej partii produktu jaka znajduje się w sklepie. Informację o kraju pochodzenia znajdziesz na opakowaniu. Możesz również dodać komentarz z preferowanym typem produktu w koszyku lub wiadomości dla shoppera (np. “prosze o pomidory polskie”).Nazwa wymagana prawnie:Nektarynka"}], "images": ["data/images/45d2776df8419adb23f46c1be888cba1.jpg"], "absolute_path": "Owoce/Owoce świeże/Produkt 38"}
{"name": "Produkt 37", "url": "https://zakupy.biedronka.pl/biedronka-brzoskwinia-paraguayo-1-szt.-0000010469.html", "title": "Brzoskwinia Paraguayo 1 szt.", "brand": "Biedronka", "price": "14.99 PLN", "packaging_details": "ok. 150 g ~ 0.15kg- 14,99 zł / kg", "description_sections": [{"header": "Opis produktu", "content": "Brzoskwinia Paraguayo, znana również jako brzoskwinia płaska, to odmiana o wyjątkowym kształcie i bogactwie wartości odżywczych. Jej słodki, soczysty miąższ jest doskonałym źródłem witamin A, C i E, które wzmacniają układ odpornościowy i poprawiają kondycję skóry. Brzoskwinie Paraguayo są również bogate w witaminy z grupy B, niezbędne dla zdrowia układu nerwowego i energetycznego. Minerały takie jak potas, wspierający pracę serca, żelazo, kluczowe dla produkcji czerwonych krwinek, magnez, ważny dla zdrowia kości i mięśni, oraz wapń i fosfor, znajdują się w tych owocach w obfitości. Zawierają one także błonnik, który reguluje trawienie i może przyczyniać się do obniżenia ryzyka chorób jelita grubego. Antyoksydacyjne właściwości brzoskwiń Paraguayo, wynikające z obecności polifenoli, mogą mieć działanie antynowotworowe oraz przeciwmiażdżycowe."}, {"header": "Pozostałe informacje", "content": "Kraj pochodzenia:Polska,Grecja,Hiszpania,Turcja,WłochyKraj pochodzenia zależy od konkretnej partii produktu jaka znajduje się w sklepie. Informację o kraju pochodzenia znajdziesz na opakowaniu. Możesz również dodać komentarz z preferowanym typem produktu w koszyku lub wiadomości dla shoppera (np. “prosze o pomidory polskie”).Nazwa wymagana prawnie:Brzoskwinia paraguayo"}], "images": ["data/images/4fff413e9335e3f2e9eba2136917222b.jpg"], "absolute_path": "Owoce/Owoce świeże/Produkt 37"}
{"name": "Produkt 3", "url": "https://zakupy.biedronka.pl/biedronka-bulka-poranna-65-g-0000003703.html", "title": "Bułka poranna 65 g", "brand": "Biedronka", "price": "0.83 PLN", "packaging_details": "0.065kg- 12,77 zł / kg", "description_sections": [{"header": "Składniki i alergeny", "content": "Składniki:mąka PSZENNA, woda, mąka ŻYTNIA, drożdże, sól, olej rzepakowy, suchy zakwas PSZENNY, płatki ziemniaczane, GLUTEN PSZENNY, mąka ze słodu PSZENNEGO, środek do przetwarzania mąki (kwas askorbinowy)Alergeny:JAJA, \n\nORZECHY ARACHIDOWE, \n\nSOJA, \n\nMLEKO, \n\nORZECHY, \n\nSELER, \n\nGORCZYCA, \n\nNASIONA SEZAMU"}, {"header": "Wartość odżywcza", "content": "W 100 gtłuszcz2.6 gw tym kwasy tłuszczowe nasycone0.4 gwęglowodany55 gw tym cukry2 gbłonnik2.9 gbiałko8.9 gsól1.6 gwartość energetyczna287 kcalwartość energetyczna1213 kJ"}, {"header": "Pozostałe informacje", "content": "Nazwa wymagana prawnie:Pieczywo pszenne. Pieczywo odpiekane z produktu głęboko mrożonego"}], "images": ["data/images/6a0e1a498f0786c75b81d5bdeb0384fb.jpg"], "absolute_path": "Piekarnia/Bułki/Produkt 3"}
{"name": "Produkt 39", "url": "https://zakupy.biedronka.pl/biedronka-marakuja-1-szt.-0000010132.html", "title": "Marakuja 1 szt.", "brand": "Biedronka", "price": "3.99 PLN", "packaging_details": "1szt.- 3,99 zł / szt", "description_sections": [{"header": "Opis produktu", "content": "Marakuja, znana również jako owoc męczennicy, to egzotyczny skarb o niezwykłym profilu odżywczym. Jest to owoc niskokaloryczny, ale bogaty w witaminy i minerały. Zawiera witaminy C, A, E, K oraz witaminy z grupy B, które są kluczowe dla zdrowia skóry, wzmacniania układu odpornościowego i poprawy metabolizmu. Marakuja jest również źródłem potasu, miedzi, żelaza i fosforu, które wspierają zdrowie serca i krwi. Wysoka zawartość błonnika w marakui pomaga w trawieniu i może przyczyniać się do obniżenia poziomu cholesterolu. Antyoksydanty obecne w owocu, takie jak polifenole, karotenoidy, flawonoidy i antocyjany, mogą zwalczać procesy starzenia i zapobiegać chorobom."}, {"header": "Pozostałe informacje", "content": "Kraj pochodzenia:Hiszpania,Kenia,Kolumbia,RPA,Zambia,ZimbabweKraj pochodzenia zależy od konkretnej partii produktu jaka znajduje się w sklepie. Informację o kraju pochodzenia znajdziesz na opakowaniu. Możesz również dodać komentarz z preferowanym typem produktu w koszyku lub wiadomości dla shoppera (np. “prosze o pomidory polskie”).Nazwa wymagana prawnie:Marakuja"}], "images": ["data/images/fd5ff5e2970be034738e50d939d6a37a.jpg"], "absolute_path": "Owoce/Owoce świeże/Produkt 39"}
{"name": "Produkt 4", "url": "https://zakupy.biedronka.pl/biedronka-bulka-kajzerka-55-g-0000005043.html", "title": "Bułka kajzerka 55 g", "brand": "Biedronka", "price": "0.35 PLN", "packaging_details": "0.055kg- 6,36 zł / kg", "description_sections": [{"header": "Składniki i alergeny", "content": "Składniki:Mąka PSZENNA, woda, mąka ŻYTNIA, drożdże, olej roślinny (rzepakowy), sól, cukier, płatki ziemniaczane, MLEKO w proszku odtłuszczone, bezwodny tłuszcz MLECZNY, mąka ze słodu PSZENNEGO, gluten PSZENNY, dekstroza, mąka ze słodu JĘCZMIENNEGO, środek do przetwarzania mąki: kwas askorbinowy.Alergeny:JAJA, \n\nORZECHY, \n\nSOJA, \n\nSEZAM"}, {"header": "Wartość odżywcza", "content": "W 100 gTłuszcz2.3 gw tym kwasy tłuszczowe nasycone0.3 gWęglowodany52 gw tym cukry1.4 gBłonnik2 gBiałko7.3 gSól1.4 gwartość energetyczna262 kcalwartość energetyczna1107 kJ"}, {"header": "Pozostałe informacje", "content": "Nazwa wymagana prawnie:Bułka pszenna"}], "images": ["data/images/aa5d73014735880f460a7b8622d79bcf.jpg"], "absolute_path": "Piekarnia/Bułki/Produkt 4"}
{"name": "Produkt 2", "url": "https://zakupy.biedronka.pl/biedronka-bulka-grahamka-70-g-0000006035.html", "title": "Bułka grahamka 70 g", "brand": "Biedronka", "price": "0.79 PLN", "packaging_details": "0.07kg- 11,29 zł / kg", "description_sections": [{"header": "Opis produktu", "content": "Popularna bułka pszenna z większą błonnika oraz składników mineralnych."}, {"header": "Składniki i alergeny", "content": "Składniki:mąka PSZENNA graham (52%), mąka PSZENNA (23,3%), woda, GLUTEN PSZENNY, drożdże, sól, środek do przetwarzania mąki (kwas askorbinowy)Alergeny:JAJA, \n\nORZECHY ARACHIDOWE, \n\nSOJA, \n\nMLEKO, \n\nORZECHY, \n\nSELER, \n\nGORCZYCA, \n\nNASIONA SEZAMU"}, {"header": "Wartość odżywcza", "content": "W 100 gtłuszcz1.5 gw tym kwasy tłuszczowe nasycone0.4 gwęglowodany48 gw tym cukry1.8 gbłonnik6.2 gbiałko11 gsól1.5 gwartość energetyczna262 kcalwartość energetyczna1107 kJ"}, {"header": "Pozostałe informacje", "content": "Nazwa wymagana prawnie:Bułka pszenna na bazie mąki pszennej graham.  Pieczywo odpiekane z produktu głęboko mrożonego."}], "images": ["data/images/6f2d2ebc7db09704f814f508710b8584.jpg"], "absolute_path": "Piekarnia/Bułki/Produkt 2"}
{"name": "Produkt 1", "url": "https://zakupy.biedronka.pl/biedronka-bulka-paryska-240-g-0000004180.html", "title": "Bułka paryska 240 g", "brand": "Biedronka", "price": "2.89 PLN", "packaging_details": "0.24kg- 12,04 zł / kg", "description_sections": [{"header": "Składniki i alergeny", "content": "Składniki:mąka PSZENNA, woda, drożdże, sól, GLUTEN PSZENNY, ekstrakt słodu JĘCZMIENNEGO (słód JĘCZMIENNY, woda), mąka ze słodu PSZENNEGO, środek do przetwarzania mąki: kwas askorbinowyAlergeny:JAJA, \n\nORZECHY ARACHIDOWE, \n\nSOJA, \n\nMLEKO, \n\nORZECHY, \n\nSELER, \n\nGORCZYCA, \n\nNASIONA SEZAMU"}, {"header": "Wartość odżywcza", "content": "W 100 gtłuszcz1.1 gw tym kwasy tłuszczowe nasycone0.3 gwęglowodany53 gw tym cukry1.9 gbłonnik2.5 gbiałko9.7 gsól1.6 gwartość energetyczna266 kcalwartość energetyczna1129 kJ"}, {"header": "Pozostałe informacje", "content": "Nazwa wymagana prawnie:Pieczywo pszenne. Pieczywo odpiekane z produktu głęboko mrożonego."}], "images": ["data/images/feaa51bc9fafd85c007eeabeab9265d3.jpg"], "absolute_path": "Piekarnia/Bułki/Produkt 1"}
{"name": "Produkt 5", "url": "https://zakupy.biedronka.pl/biedronka-bulka-poznanska-75-g-0000005777.html", "title": "Bułka poznańska 75 g", "brand": "Biedronka", "price": "0.72 PLN", "packaging_details": "0.075kg- 9,60 zł / kg", "description_sections": [{"header": "Opis produktu", "content": "Okrągła bułeczka pszenna o bardzo jasnym wnętrzu oraz chrupiącej skórce, która charakteryzuje się nacięciem po środku."}, {"header": "Składniki i alergeny", "content": "Składniki:mąka PSZENNA, woda, drożdże, sól, olej rzepakowy, środek do przetwarzania mąki: kwas askorbinowy.Alergeny:JAJA, \n\nORZECHY ARACHIDOWE, \n\nSOJA, \n\nMLEKO, \n\nORZECHY, \n\nSELER, \n\nGORCZYCA, \n\nNASIONA SEZAMU"}, {"header": "Wartość odżywcza", "content": "W 100 gtłuszcz2.1 gw tym kwasy tłuszczowe nasycone0.4 gwęglowodany54 gw tym cukry1.8 gbłonnik8.7 gsól1.4 gwartość energetyczna276 kcalwartość energetyczna1169 kJ"}, {"header": "Pozostałe informacje", "content": "Nazwa wymagana prawnie:Pieczywo pszenne.  Pieczywo odpiekane z produktu głęboko mrożonego."}], "images": ["data/images/9d6f49f92c70092ffe5e711c2c82408c.jpg"], "absolute_path": "Piekarnia/Bułki/Produkt 5"}
{"name": "Produkt 2", "url": "https://zakupy.biedronka.pl/biedronka-chleb-rodzinny-450-g-0000004872.html", "title": "Chleb rodzinny 450 g", "brand": "Biedronka", "price": "3.99 PLN", "packaging_details": "0.41kg- 9,73 zł / kg", "description_sections": [{"header": "Opis produktu", "content": "Chleb w stylu rustykalnym, o rzemieślniczym wyglądzie. Zawiera zakwas, który poprawia wchłanianie cennych minerałów ze zbóż, wpływa na autentyczny smak chleba, oraz przedłuża jego świeżość. Wypiekany na kamiennych płytach przez co ma cienką i chrupiącą skórkę."}, {"header": "Składniki i alergeny", "content": "Składniki:mąka PSZENNA, woda, zakwas PSZENNY (6,9%) (woda, mąka PSZENNA), mąka ŻYTNIA, sól, drożdże, gluten (PSZENNY), środek do przetwarzania mąki (kwas askorbinowy).Alergeny:JAJA, \n\nORZECHY ARACHIDOWE, \n\nSOJA, \n\nMLEKO, \n\nORZECHY, \n\nSELER, \n\nGORCZYCA, \n\nNASIONA SEZAMU, \n\nZboża zawierajace gluten, \n\nPszenica i produkty z pszenicyInne informacje o zawartości produktu:Zawiera surowce GMO:Nie, \n\nOsłonka niejadalna:Nie, \n\nInformacje szczegółowe dotyczące środków słodzących:Nie, \n\nZawiera kofeinę:Nie, \n\nŚrodki spozywcze z dodatkiem fitosteroli, estrów fitosteroli, fitostanoli lub estrów fitostanoli:Nie, \n\nPlant based - produkt bazujący na składnikach roślinnych:Nie"}, {"header": "Wartość odżywcza", "content": "W 100 gWartość energetyczna kcal251 kcalZawartość tłuszczów (ogólnie)1 gKwasy tłuszczowe nasycone0.3 gZawartość węglowodanów52 gCukry1.9 gZawartość błonnika2.5 gZawartość białek8.2 gZawartość soli1.5 g"}, {"header": "Przechowywanie i sposób przygotowania", "content": "Sposób przygotowania:Rozmrażanie 20 - 40 min temperatura pokojowa Wypiek 9 - 12 min 170 - 190 °C"}, {"header": "Pozostałe informacje", "content": "Kraj pochodzenia:PolskaKraj pochodzenia zależy od konkretnej partii produktu jaka znajduje się w sklepie. Informację o kraju pochodzenia znajdziesz na opakowaniu. Możesz również dodać komentarz z preferowanym typem produktu w koszyku lub wiadomości dla shoppera (np. “prosze o pomidory polskie”).Producent:\"La Lorraine Bakery Group\"Dystrybutor:La Lorraine Polska Sp. z o.o.Przemysłowa 1 05-100 Nowy Dwór Mazowieckie.iwaniczko@llbg.comImporter:La Lorraine Polska Sp. z o.o.Przemysłowa 1 05-100 Nowy Dwór Mazowiecki PLe.iwaniczko@llbg.comNazwa wymagana prawnie:Chleb pszenny z zakwasem pszennym i drożdżami, podpieczony,  produkt głęboko mrożony"}], "images": ["data/images/3db62ec5e35c83342b5c5f65bb9fc441.jpg"], "absolute_path": "Piekarnia/Chleb/Produkt 2"}
{"name": "Produkt 6", "url": "https://zakupy.biedronka.pl/pano-pano-bulki-do-kanapki-w-stylu-amerykanskim-228-g-0000008477.html", "title": "Pano Bułki do kanapki w stylu amerykańskim 228 g", "brand": "Pano", "price": "5.19 PLN", "packaging_details": "0.228kg- 22,76 zł / kg", "description_sections": [{"header": "Opis produktu", "content": "Bułki pszenne z dodatkiem nasion sezamu to idealny pomysł na przysmak w amerykańskim stylu."}, {"header": "Składniki i alergeny", "content": "Składniki:mąkapszenna, woda, cukier, nasionasezamu(2,9%), olej rzepakowy, drożdże, sól, mąka fermentowanapszenna, emulgator (mono- i diglicerydy kwasów tłuszczowych, mono- i diglicerydy kwasów tłuszczowych estryfikowane kwasem mono- i diacetylowinowym), mąka sojowa, środek do przetwarzania mąki (kwas askorbinowy), naturalny aromat. Produkt może zawierać:jajaimleko.Alergeny:Nasiona sezamu i produkty pochodne, \n\nSoja i produkty pochodne, \n\nZboża zawierajace gluten, \n\nPszenica i produkty z pszenicyInne informacje o zawartości produktu:Zawiera surowce GMO:Nie, \n\nZawiera aromaty:Tak"}, {"header": "Wartość odżywcza", "content": "W 100 gWartość energetyczna kcal280 kcalZawartość tłuszczów (ogólnie)4.8 gKwasy tłuszczowe nasycone0.7 gZawartość węglowodanów49 gCukry6.9 gZawartość błonnika1.3 gZawartość białek9.2 gZawartość soli1.3 g"}, {"header": "Pozostałe informacje", "content": "Dystrybutor:Jeronimo Martins Polska S.A.Żniwna 5 62-025 KostrzynNazwa wymagana prawnie:Bułki do hot dogów z sezamem. Pieczywo pszenne, wyborowe z dodatkiem nasion sezamu."}], "images": ["data/images/4614986dcec21b2107c3dad7368be195.jpg"], "absolute_path": "Piekarnia/Bułki/Produkt 6"}
{"name": "Produkt 3", "url": "https://zakupy.biedronka.pl/pano-pano-chleb-zytni-100-pelnoziarnisty-300-g-0000005895.html", "title": "Pano Chleb żytni 100% pełnoziarnisty 300 g", "brand": "Pano", "price": "3.69 PLN", "packaging_details": "0.3kg- 12,30 zł / kg", "description_sections": [{"header": "Opis produktu", "content": "Chleb żytni pełnoziarnisty na naturalnym zakwasie żytnim, produkt pasteryzowany, krojony."}, {"header": "Składniki i alergeny", "content": "Składniki:żytokrojone 34,6%, woda, zakwasżytni20,4% (woda, mąkażytnia), mąkażytniarazowa 15,2%, płatki ziemniaczane, sól. Produkt może zawieraćjaja,soję, nasionasezamu,mleko(łącznie z laktozą), orzeszkiarachidowei produkty pochodne.Alergeny:Zboża zawierajace gluten, \n\nŻyto i produkty żytnieInne informacje o zawartości produktu:Zawiera surowce GMO:Nie, \n\nZawiera substancje konserwujące:Nie, \n\nDodatkowe informacje na temat produktu:Bez drożdży."}, {"header": "Wartość odżywcza", "content": "W 100 gWartość energetyczna kcal198 kcalZawartość tłuszczów (ogólnie)1.4 gKwasy tłuszczowe nasycone0.2 gZawartość węglowodanów36 gCukry3 gZawartość błonnika9.3 gZawartość białek5.6 gZawartość soli1.1 g"}, {"header": "Pozostałe informacje", "content": "Kraj pochodzenia:PolskaKraj pochodzenia zależy od konkretnej partii produktu jaka znajduje się w sklepie. Informację o kraju pochodzenia znajdziesz na opakowaniu. Możesz również dodać komentarz z preferowanym typem produktu w koszyku lub wiadomości dla shoppera (np. “prosze o pomidory polskie”).Producent:Piekarnia Oskroba S.ADystrybutor:PIEKARNIA OSKROBA S.ACzłekówka 90 05-340 Kołbielbiuro@oskroba.plImporter:PIEKARNIA OSKROBA S.ACzłekówka 90 05-340 Kołbiel PLbiuro@oskroba.plNazwa wymagana prawnie:Chleb żytni pełnoziarnisty na naturalnym zakwasie żytnim, krojony, pasteryzowany."}], "images": ["data/images/27d3f55866d5e4efb746df74768ee186.jpg", "data/images/716ab15e2316ec9c559a7c2ecda12b4d.jpg"], "absolute_path": "Piekarnia/Chleb/Produkt 3"}
{"name": "Produkt 1", "url": "https://zakupy.biedronka.pl/pano-pano-chleb-wieloziarnisty-zloty-lan-z-dodatkiem-naturalnego-zakwasu-zytniego-400-g-0000004628.html", "title": "Pano Chleb wieloziarnisty Złoty łan z dodatkiem naturalnego zakwasu żytniego 400 g", "brand": "Pano", "price": "3.75 PLN", "packaging_details": "0.4kg- 9,38 zł / kg", "description_sections": [{"header": "Opis produktu", "content": "Chleb pszenno-żytni z dodatkiem naturalnego zakwasu żytniego oraz ziaren, krojony."}, {"header": "Składniki i alergeny", "content": "Składniki:mąkapszenna43%, zakwasżytni24,9% (mąkażytnia, woda), woda, mąkażytnia7%, słonecznik 5,8%, siemię lniane 3,6%, gluten (zpszenicy), sól, drożdże, płatkipszenneorkiszowe1,2%, nasionasezamu1,2%, kminek mielony, słódpszennyjasny. Produkt może zawieraćjaja,soję,mleko,orzechyi produkty pochodne.Alergeny:Nasiona sezamu i produkty pochodne, \n\nZboża zawierajace gluten, \n\nPszenica i produkty z pszenicy, \n\nŻyto i produkty żytnieInne informacje o zawartości produktu:Zawiera surowce GMO:Nie, \n\nZawiera substancje konserwujące:Nie"}, {"header": "Wartość odżywcza", "content": "W 100 gWartość energetyczna kcal277 kcalZawartość tłuszczów (ogólnie)4.6 gKwasy tłuszczowe nasycone0.6 gZawartość węglowodanów46 gCukry2.3 gZawartość błonnika6.2 gZawartość białek9.8 gZawartość soli1.3 g"}, {"header": "Pozostałe informacje", "content": "Kraj pochodzenia:PolskaKraj pochodzenia zależy od konkretnej partii produktu jaka znajduje się w sklepie. Informację o kraju pochodzenia znajdziesz na opakowaniu. Możesz również dodać komentarz z preferowanym typem produktu w koszyku lub wiadomości dla shoppera (np. “prosze o pomidory polskie”).Producent:Piekarnia Oskroba S.ADystrybutor:PIEKARNIA OSKROBA S.ACzłekówka 90 05-340 Kołbielbiuro@oskroba.plImporter:PIEKARNIA OSKROBA S.ACzłekówka 90 05-340 Kołbiel PLbiuro@oskroba.plNazwa wymagana prawnie:Chleb pszenno-żytni z dodatkiem naturalnego zakwasu żytniego oraz ziaren, krojony."}], "images": ["data/images/2caedda3003fd98a897926c77d9bca35.jpg", "data/images/8439727ef92e6e108b67332d187f3f8a.jpg"], "absolute_path": "Piekarnia/Chleb/Produkt 1"}
{"name": "Produkt 1", "url": "https://zakupy.biedronka.pl/pano-pano-bulki-pszenne-hamburgerowe-z-sezamem-212-g-0000001666.html", "title": "Pano Bułki pszenne hamburgerowe z sezamem 212 g", "brand": "Pano", "price": "4.69 PLN", "packaging_details": "0.212kg- 22,12 zł / kg", "description_sections": [{"header": "Opis produktu", "content": "Klasyczne, miękkie i delikatne w smaku bułki pszenne z posypką z sezamem 3%. Idealne zarówno do tradycyjnych hamburgerów z mięsem jak i wyszukanych kanapek."}, {"header": "Składniki i alergeny", "content": "Składniki:mąkapszenna, woda, cukier, nasionasezamu(3%), drożdże, olej rzepakowy, sól, mąka fermentowanapszenna, glutenpszenny, ocet spirytusowy, emulgator (mono- i diglicerydy kwasów tłuszczowych estryfikowane kwasem mono- i diacetylowinowym), mąka sojowa, środek do przetwarzania mąki (kwas askorbinowy), naturalny aromat. Produkt może zawierać:mleko,jaja.Alergeny:Nasiona sezamu i produkty pochodne, \n\nSoja i produkty pochodne, \n\nZboża zawierajace gluten, \n\nPszenica i produkty z pszenicyInne informacje o zawartości produktu:Zawiera surowce GMO:Nie, \n\nZawiera aromaty:Tak"}, {"header": "Wartość odżywcza", "content": "W 100 gWartość energetyczna kcal263 kcalZawartość tłuszczów (ogólnie)2.8 gKwasy tłuszczowe nasycone0.4 gZawartość węglowodanów49 gCukry6.4 gZawartość błonnika1.9 gZawartość białek9.8 gZawartość soli1.1 g"}, {"header": "Pozostałe informacje", "content": "Producent:La Lorraine Polska Sp. z o.o.Dystrybutor:Jeronimo Martins Polska S.A.Żniwna 5 62-025 KostrzynImporter:Jeronimo Martins Polska S.A.Żniwna 5 62-025 Kostrzyn PLNazwa wymagana prawnie:Bułki do hamburgerów z sezamem. Pieczywo pszenne, wyborowe z dodatkiem nasion sezamu"}], "images": ["data/images/dd9d6f0078ce07bb56fce709cf88f3f1.jpg"], "absolute_path": "Piekarnia/Do hot-dogów i burgerów/Produkt 1"}
{"name": "Produkt 1", "url": "https://zakupy.biedronka.pl/pano-pano-chleb-tostowy-maslany-500-g-0000003516.html", "title": "Pano Chleb tostowy maślany 500 g", "brand": "Pano", "price": "3.99 PLN", "packaging_details": "0.5kg- 7,98 zł / kg", "description_sections": [{"header": "Opis produktu", "content": "Chleb pszenny typu tost z dodatkiem masła, krojony."}, {"header": "Składniki i alergeny", "content": "Składniki:mąkapszenna65,5%, woda, zakwaspszenny5% (mąkapszenna, woda), drożdże,masło3%, sól, cukier, ocet spirytusowy, naturalny aromatmaślanyz innymi naturalnymi aromatami. Produkt może zawieraćjaja, nasionasezamu,gorczycęorazsojęi produkty pochodne.Alergeny:Mleko i produkty pochodne (łącznie z laktozą), \n\nZboża zawierajace gluten, \n\nPszenica i produkty z pszenicyInne informacje o zawartości produktu:Zawiera surowce GMO:Nie, \n\nZawiera aromaty:Tak, \n\nZawiera substancje konserwujące:Nie"}, {"header": "Wartość odżywcza", "content": "W 100 gWartość energetyczna kcal267 kcalZawartość tłuszczów (ogólnie)3.2 gKwasy tłuszczowe nasycone1.7 gZawartość węglowodanów50 gCukry2.9 gZawartość białek8.6 gZawartość soli1.2 g"}, {"header": "Pozostałe informacje", "content": "Kraj pochodzenia:PolskaKraj pochodzenia zależy od konkretnej partii produktu jaka znajduje się w sklepie. Informację o kraju pochodzenia znajdziesz na opakowaniu. Możesz również dodać komentarz z preferowanym typem produktu w koszyku lub wiadomości dla shoppera (np. “prosze o pomidory polskie”).Producent:Piekarnia Oskroba S.ADystrybutor:PIEKARNIA OSKROBA S.ACzłekówka 90 05-340 Kołbielbiuro@oskroba.plImporter:PIEKARNIA OSKROBA S.ACzłekówka 90 05-340 Kołbiel PLbiuro@oskroba.plNazwa wymagana prawnie:Chleb tostowy pszenny z dodatkiem masła oraz zakwasu pszennego, krojony."}], "images": ["data/images/0e2bce6a4f6765c7e28018de3b9df085.jpg", "data/images/1b21ac47dc2b5fc74dd0eb04e0654fb1.jpg"], "absolute_path": "Piekarnia/Pieczywo tostowe/Produkt 1"}
{"name": "Produkt 2", "url": "https://zakupy.biedronka.pl/pano-pano-tost-pszenny-500-g-0000012821.html", "title": "Pano Tost pszenny 500 g", "brand": "Pano", "price": "2.99 PLN", "packaging_details": "0.5kg- 5,98 zł / kg", "description_sections": [{"header": "Opis produktu", "content": "Pieczywo pszenne typu tost, przygotowane z dodatkiem naturalnego zakwasu pszennego, bez dodatku substancji konserwujących i polepszaczy, krojone."}, {"header": "Składniki i alergeny", "content": "Składniki:mąkapszenna66%, woda, zakwaspszenny5% (mąkapszenna, woda), drożdże, sól, olej rzepakowy, cukier, ocet spirytusowy, mąka sojowa. Produkt może zawieraćjaja,mleko(łącznie z laktozą), nasionasezamu,gorczycęi produkty pochodne.Alergeny:Soja i produkty pochodne, \n\nZboża zawierajace gluten, \n\nPszenica i produkty z pszenicyInne informacje o zawartości produktu:Zawiera surowce GMO:Nie, \n\nZawiera substancje konserwujące:Nie"}, {"header": "Wartość odżywcza", "content": "W 100 gWartość energetyczna kcal244 kcalZawartość tłuszczów (ogólnie)1.4 gKwasy tłuszczowe nasycone0.3 gZawartość węglowodanów49 gCukry2.9 gZawartość białek7.8 gZawartość soli1.2 g"}, {"header": "Pozostałe informacje", "content": "Kraj pochodzenia:PolskaKraj pochodzenia zależy od konkretnej partii produktu jaka znajduje się w sklepie. Informację o kraju pochodzenia znajdziesz na opakowaniu. Możesz również dodać komentarz z preferowanym typem produktu w koszyku lub wiadomości dla shoppera (np. “prosze o pomidory polskie”).Producent:Piekarnia Oskroba S.ADystrybutor:PIEKARNIA OSKROBA S.ACzłekówka 90 05-340 Kołbielbiuro@oskroba.plImporter:PIEKARNIA OSKROBA S.ACzłekówka 90 05-340 Kołbiel PLbiuro@oskroba.plNazwa wymagana prawnie:Chleb tostowy pszenny z dodatkiem zakwasu pszennego, krojony."}], "images": ["data/images/281c0458a717fb4cbbec5dabd7507b63.jpg", "data/images/06bc82e08aa66f8c5e43b372bd1fc28d.jpg"], "absolute_path": "Piekarnia/Pieczywo tostowe/Produkt 2"}
{"name": "Produkt 4", "url": "https://zakupy.biedronka.pl/pano-pano-chleb-zytni-100-pelnoziarnisty-z-dodatkiem-amarantusa-i-komosy-ryzowej-300-g-0000005896.html", "title": "Pano Chleb żytni 100% pełnoziarnisty z dodatkiem amarantusa i komosy ryżowej 300 g", "brand": "Pano", "price": "3.69 PLN", "packaging_details": "0.3kg- 12,30 zł / kg", "description_sections": [{"header": "Opis produktu", "content": "Chleb żytni pełnoziarnisty na naturalnym zakwasie żytnim z ziarnami oraz amarantusem i komosą ryżową, krojony, pasteryzowany."}, {"header": "Składniki i alergeny", "content": "Składniki:żytko krojone 33,9%, woda, zakwasżytni14,1% (woda, mąkażytnia), mąkażytniarazowa 11,6%, nasiona słonecznika 3%, siemię lniane 3%, płatkiowsiane3%, amarantus 1,5%, komosa ryżowa 1,5%, płatki ziemniaczane, sól. Produkt może zawierać:jaja,soję, nasionasezamu,mleko(łącznie z laktozą), orzeszkiarachidowei produkty pochodne.Alergeny:Zboża zawierajace gluten, \n\nŻyto i produkty żytnie, \n\nOwies i produkty owsianeInne informacje o zawartości produktu:Zawiera surowce GMO:Nie, \n\nZawiera substancje konserwujące:Nie, \n\nDodatkowe informacje na temat produktu:Bez drożdży."}, {"header": "Wartość odżywcza", "content": "W 100 gWartość energetyczna kcal220 kcalZawartość tłuszczów (ogólnie)5.1 gKwasy tłuszczowe nasycone0.7 gZawartość węglowodanów32 gCukry3.4 gZawartość błonnika12 gZawartość białek5.4 gZawartość soli1.2 g"}, {"header": "Pozostałe informacje", "content": "Kraj pochodzenia:PolskaKraj pochodzenia zależy od konkretnej partii produktu jaka znajduje się w sklepie. Informację o kraju pochodzenia znajdziesz na opakowaniu. Możesz również dodać komentarz z preferowanym typem produktu w koszyku lub wiadomości dla shoppera (np. “prosze o pomidory polskie”).Producent:Piekarnia Oskroba S.ADystrybutor:PIEKARNIA OSKROBA S.ACzłekówka 90 05-340 Kołbielbiuro@oskroba.plImporter:PIEKARNIA OSKROBA S.ACzłekówka 90 05-340 Kołbiel PLbiuro@oskroba.plNazwa wymagana prawnie:Chleb żytni pełnoziarnisty na naturalnym zakwasie żytnim z ziarnami oraz z dodatkiem amarantusa i komosy ryżowej, krojony, pasteryzowany."}], "images": ["data/images/51a6e27bd5609bbc850107ea3b43de91.jpg", "data/images/e7fe975c31f350b73154003f08115874.jpg"], "absolute_path": "Piekarnia/Chleb/Produkt 4"}
{"name": "Produkt 1", "url": "https://zakupy.biedronka.pl/biedronka-bagietka-czosnkowa-165-g-0000002111.html", "title": "Bagietka czosnkowa 165 g", "brand": "Biedronka", "price": "2.99 PLN", "packaging_details": "0.165kg- 18,12 zł / kg", "description_sections": [{"header": "Składniki i alergeny", "content": "Składniki:mąka PSZENNA, woda, MASŁO o zawartości trzech czwartych tłuszczu (11 %), cebula, drożdże, sól, czosnek, zioła, mąka ŻYTNIA, GLUTEN PSZENNY, skrobia, skrobia modyfikowana, przyprawy, sossojowy(woda, SOJA, sól, PSZENICA), regulator kwasowości: kwas cytrynowy, naturalny aromat czosnkowy, środek do przetwarzania mąki: kwas askorbinowy"}, {"header": "Pozostałe informacje", "content": "Nazwa wymagana prawnie:Pieczywo pszenne z nacięciami wypełnionymi nadzieniem  (15 %) z masłem o zawartości trzech czwartych tłuszczu  i z czosnkiem, podpieczone."}], "images": ["data/images/4b3b18e11816b4f541dbbd3d3fb3508e.jpg"], "absolute_path": "Piekarnia/Bagietki/Produkt 1"}
{"name": "Produkt 3", "url": "https://zakupy.biedronka.pl/biedronka-tost-z-szynka-i-serem-120-g-0000014669.html", "title": "Tost z szynką i serem 120 g", "brand": "Biedronka", "price": "4.49 PLN", "packaging_details": "0.12kg- 37,42 zł / kg", "description_sections": [{"header": "Składniki i alergeny", "content": "Składniki:mąka PSZENNA, 20 %śmietana[ŚMIETANA, bakterie fermentacji kwasu mlekowego], woda, 7 % szynka wieprzowa gotowana [mięso wieprzowe (95 % - w szynce wieprzowej gotowanej), sól jodowana (sól, jodan potasu), glukoza, stabilizatory (difosforan, trifosforan), przeciwutleniacze (askorbinian sodu, ekstrakt rozmarynu), substancja konserwująca (azotyn sodu)], 4 %sermozzarella [pasteryzowane MLEKO, sól, bakterie fermentacji kwasu mlekowego, podpuszczka mikrobiologiczna], 2 %sergouda [pasteryzowane MLEKO, sól, bakterie fermentacji kwasu mlekowego, podpuszczka mikrobiologiczna], 2 %sercheddar [pasteryzowane MLEKO, sól, podpuszczka mikrobiologiczna, barwnik (beta-karoten), bakterie fermentacji kwasu mlekowego], bezwodny tłuszcz MLECZNY, sól jodowana [sól, jodan potasu], drożdże, cukier, przyprawy [pieprz, pietruszka, szczypiorek], skrobia modyfikowana ziemniaczana, olej słonecznikowy.Alergeny:JAJA, \n\nRYBY, \n\nORZECHY ARACHIDOWE, \n\nSOJA, \n\nORZECHY, \n\nSELER, \n\nGORCZYCA, \n\nNASIONA SEZAMU, \n\nSKORUPIAKI"}, {"header": "Pozostałe informacje", "content": "Nazwa wymagana prawnie:Kieszonaka z ciasta madziewana 19% śmietaną, 7% szynką wieprzową gotowaną, 4% serem mozzarella, 2% serem gouda i 2% serem cheddar.  Pieczywo odpiekane z produktu głęboko mrożonego."}], "images": ["data/images/32495f3675b115570ce4aeaad8b3b902.jpg"], "absolute_path": "Piekarnia/Wypieki/Wypieki słone/Produkt 3"}
{"name": "Produkt 4", "url": "https://zakupy.biedronka.pl/biedronka-mini-pizza-z-salami-125-g-0000003831.html", "title": "Mini pizza z salami 125 g", "brand": "Biedronka", "price": "4.19 PLN", "packaging_details": "0.13kg- 32,23 zł / kg", "description_sections": [{"header": "Składniki i alergeny", "content": "Składniki:mąka PSZENNA, woda, sos pomidorowy z ziołami 18 % (koncentrat pomidorowy 9,7%*, woda, cukier, ocet spirytusowy, sól, skrobia modyfikowana, czosnek suszony, zioła 0,04 %*, przyprawy),ser11,1% (MLEKO, skrobia ziemniaczana, sól), salami - kiełbasa wieprzowa drobno rozdrobiona, surowa, suszona wędzona, dojrzewająca 7 % (mięso wieprzowe, tłuszcz wieprzowy, sól, przyprawy, aromaty, glukoza, przeciwutleniacz: E316), warzywa grillowane (cebula biała grillowana 2,78 %, papryka żółta grillowana 2,78 %, papryka czerwona grillowana 2,78 %, cukinia grillowana 2,78 %, olej słonecznikowy), olej rzepakowy, drożdże, sól, suchy zakwas PSZENNY (mąka PSZENNA, woda, kultury starterowe), mąka ŻYTNIA, mieszanka piekarnicza (mąka kukurydziana wstępnie skleikowana, mąka ŻYTNIA wstępnie skleikowana, GLUTEN PSZENNY, mąka SOJOWA, mąka ze słodu PSZENNEGO, mąka PSZENNA, środek do przetwarzania mąki: E 300)* % - zawartość w wyrobie gotowym.Alergeny:JAJA, \n\nORZECHY ARACHIDOWE, \n\nORZECHY, \n\nSELER, \n\nGORCZYCA, \n\nNASIONA SEZAMU, \n\nDWUTLENEK SIARKI"}, {"header": "Wartość odżywcza", "content": "W 100 gtłuszcz9.02 gw tym kwasy tłuszczowe nasycone3.76 gwęglowodany35.3 gw tym cukry2.83 gbiałko10.31 gsól2.21 gwartość energetyczna272 kcalwartość energetyczna1137 kJ"}, {"header": "Pozostałe informacje", "content": "Nazwa wymagana prawnie:Pizza z sosem pomidorowym z ziołami, serem, salami- kiełbasą wieprzową,drobno rozdrobioną, surową, suszona wędzoną, dojrzewającą, i warzywami grillowanymi.  Pieczywo odpiekane z produktu głęboko mrożonego."}], "images": ["data/images/7b50cd797ae171a0b255b5e3f33706d9.jpg"], "absolute_path": "Piekarnia/Wypieki/Wypieki słone/Produkt 4"}
{"name": "Produkt 2", "url": "https://zakupy.biedronka.pl/biedronka-hot-dog-z-berlinka-i-sosem-120-g-0000004823.html", "title": "Hot dog z berlinką i sosem 120 g", "brand": "Biedronka", "price": "4.19 PLN", "packaging_details": "0.12kg- 34,92 zł / kg", "description_sections": [{"header": "Opis produktu", "content": "Bułka pszenna z parówką wieprzową oraz sosami: pomidorowym i musztardowym."}, {"header": "Składniki i alergeny", "content": "Składniki:parówka Berlinka 33,3% (mięso wieprzowe (83%*), woda, sól, tłuszcz wieprzowy, glukoza, przyprawy, ekstrakty przypraw, przeciwutleniacz (E 301), substancja konserwująca (E 250)), mąkapszenna, oleje roślinne (palmowy, rzepakowy) w zmiennych proporcjach, sos pomidorowy 5,8% (woda, koncentrat pomidorowy, cebula prażona (cebula, tłuszcz palmowy utwardzony), marchew konserwowa, skrobia modyfikowana, olej rzepakowy, sól, cebula suszona, ocet, przyprawy, suszony hydrolizat białkowy (zawierasoję), regulator kwasowości (kwas cytrynowy)), sosmusztardowy5,8% (musztarda, woda, ocet spirytusowy,gorczycabiała, cukier, sól), woda,gorczycaczarna, olej rzepakowy, cukier, ocet spirytusowy, stabilizator (guma ksantanowa), aromat), nasionasezamu1,6%, drożdże, cukier,masło, serwatka w proszku (zmleka), białkojaj, sól, żółtkajaj, gluten (zpszenicy), białkamleka. *zawartość mięsa w parówceAlergeny:Nasiona sezamu i produkty pochodne, \n\nGorczyca i produkty pochodne, \n\nMleko i produkty pochodne (łącznie z laktozą), \n\nSoja i produkty pochodne, \n\nJaja i produkty pochodne, \n\nZboża zawierajace gluten, \n\nPszenica i produkty z pszenicyInne informacje o zawartości produktu:Zawiera surowce GMO:Nie, \n\nZawiera przeciwutleniacze:Tak, \n\nZawiera aromaty:Tak, \n\nZawiera substancje konserwujące:Tak, \n\nZawiera tłuszcze utwardzone (trans):Tak, \n\nZawiera olej palmowy:Tak, \n\nDodatki zawarte w produkcie (E-symbole):E301 Askorbinian sodu, E250 Azotyn sodu, \n\nFunkcje dodatków obecnych w produkcie (zadeklarowanych jako dodatki lub numery E):Przeciwutleniacz, Substancja konserwująca"}, {"header": "Wartość odżywcza", "content": "W 100 gWartość energetyczna kcal369 kcalZawartość tłuszczów (ogólnie)25 gKwasy tłuszczowe nasycone8.9 gZawartość węglowodanów27 gCukry3.8 gZawartość białek9 gZawartość soli1.9 g"}, {"header": "Przechowywanie i sposób przygotowania", "content": "Sposób przygotowania:Piec konwekcyjnySposób podania:Po wypieku należy spożyć w ciągu 48h."}, {"header": "Pozostałe informacje", "content": "Kraj pochodzenia:PolskaKraj pochodzenia zależy od konkretnej partii produktu jaka znajduje się w sklepie. Informację o kraju pochodzenia znajdziesz na opakowaniu. Możesz również dodać komentarz z preferowanym typem produktu w koszyku lub wiadomości dla shoppera (np. “prosze o pomidory polskie”).Producent:PIEKARNIA OSKROBA SADystrybutor:PIEKARNIA OSKROBA S.ACzłekówka 90 05-340 Kołbielbiuro@oskroba.plImporter:PIEKARNIA OSKROBA S.ACzłekówka 90 05-340 Kołbiel PLbiuro@oskroba.plNazwa wymagana prawnie:Ciastko półfrancuskie z parówką wieprzową i sosami pomidorowym i musztardowym, posypana sezamem, głęboko mrożone."}], "images": ["data/images/5866f047e73a6dbe8f2192f73210f608.jpg"], "absolute_path": "Piekarnia/Wypieki/Wypieki słone/Produkt 2"}
{"name": "Produkt 1", "url": "https://zakupy.biedronka.pl/biedronka-przekaska-kurczak-z-curry-95-g-0000009829.html", "title": "Przekąska kurczak z curry 95 g", "brand": "Biedronka", "price": "4.19 PLN", "packaging_details": "0.095kg- 44,11 zł / kg", "description_sections": [{"header": "Opis produktu", "content": "mąka PSZENNA, woda, mięso z piersi kurczaka w marynacie, pieczone 13,8 % [mięso z piersi kurczaka, przyprawy (papryka, cebula, kmin, kurkuma, imbir), cukier, sól, aromaty (w tym naturalny aromat), przeciwutleniacze: E 330, E 301; ekstrakt z drożdży, czosnek suszony, proszek pomidorowy, skrobia ziemniaczana, stabilizator: E 451; glukoza], sos curry 8,3 % [olej rzepakowy, woda, musztarda (woda, ocet spirytusowy, GORCZYCA, cukier, sól), ŻÓŁTKO JAJA w proszku, cukier, ocet spirytusowy, sól, skrobia modyfikowana, regulator kwasowości: E 330; czosnek suszony, przyprawy, zioła, naturalny aromat, ekstrakt czosnku], cebula grillowana 6,9 %, papryka czerwona grillowana 4,1 %, substancja zagęszczająca: E 1422, sól, drożdże, olej rzepakowy, mąka kukurydziana wstępnie skleikowana, mąka ŻYTNIA wstępnie skleikowana, GLUTEN PSZENNY, mąka SOJOWA, mąka ze słodu PSZENNEGO, środek do przetwarzania mąki: E300"}, {"header": "Składniki i alergeny", "content": "Alergeny:ORZECHY ARACHIDOWE, \n\nMLEKO, \n\nORZECHY, \n\nSELER, \n\nNASIONA SEZAMU, \n\nDWUTLENEK SIARKI"}, {"header": "Wartość odżywcza", "content": "W 100 gtłuszcz7.97 gw tym kwasy tłuszczowe nasycone0.83 gwęglowodany23.08 gw tym cukry2.35 gbiałko8.91 gsól1.42 gwartość energetyczna243 kcalwartość energetyczna1017 kJ"}, {"header": "Pozostałe informacje", "content": "Nazwa wymagana prawnie:Przekąska z ciasta drożdżowego z mięsem pieczonym z kurczaka w sosie curry z  grillowanymi warzywami.  Pieczywo odpiekane z produktu głęboko mrożonego."}], "images": ["data/images/21e4e12f93debed61b6c75d745180662.jpg"], "absolute_path": "Piekarnia/Wypieki/Wypieki słone/Produkt 1"}
{"name": "Produkt 2", "url": "https://zakupy.biedronka.pl/pano-pano-bulki-do-burgerow-master-320-g-0000015363.html", "title": "PANO Bułki do burgerów Master 320 g", "brand": "Pano", "price": "5.69 PLN", "packaging_details": "0.32kg- 17,78 zł / kg", "description_sections": [{"header": "Opis produktu", "content": "Master to bułka do burgera dla prawdziwych koneserów. Wypróbuj pieczywo, które udoskonali Twojego burgera dwoma rodzajami ziaren sezamu."}, {"header": "Składniki i alergeny", "content": "Składniki:mąkapszenna(59,8 %), woda, cukier, olej rzepakowy, drożdże, serwatka w proszku (zmleka), sól, nasiona czarnegosezamu(1,1 %), nasionasezamu(1,1%), mąka fermentowanapszenna, glutenpszenny, ocet spirytusowy,mlekow proszku odtłuszczone, emulgator (mono- i diglicerydy kwasów tłuszczowych estryfikowane kwasem mono- i diacetylowinowym), mąka sojowa, białka roślinne, środek do przetwarzania mąki (kwas askorbinowy), olej słonecznikowy, kurkuma, skrobia kukurydziana, maltodekstryna, glukoza (zpszenicy), naturalny aromat. Produkt może zawieraćjaja.Alergeny:Nasiona sezamu i produkty pochodne, \n\nMleko i produkty pochodne (łącznie z laktozą), \n\nSoja i produkty pochodne, \n\nZboża zawierajace gluten, \n\nPszenica i produkty z pszenicyInne informacje o zawartości produktu:Zawiera surowce GMO:Nie, \n\nZawiera aromaty:Tak"}, {"header": "Wartość odżywcza", "content": "W 100 gWartość energetyczna kcal262 kcalZawartość tłuszczów (ogólnie)3.9 gKwasy tłuszczowe nasycone0.7 gZawartość węglowodanów45 gCukry5.1 gZawartość błonnika3.3 gZawartość białek9.9 gZawartość soli1.1 g"}, {"header": "Pozostałe informacje", "content": "Producent:La Lorraine Polska Sp. z o.o.Dystrybutor:Jeronimo Martins Polska S.A.Żniwna 5 62-025 KostrzynImporter:Jeronimo Martins Polska S.A.Żniwna 5 62-025 Kostrzyn PLNazwa wymagana prawnie:Bułki pszenne do hamburgerów z posypkami z sezamu i czarnego sezamu"}], "images": ["data/images/6da3510d498562739fdf71b5e94693e7.jpg", "data/images/fc38706789ca06c0d2798f0df078cd9d.jpg", "data/images/452d30b28732fc0cc636c097dd566d90.jpg"], "absolute_path": "Piekarnia/Do hot-dogów i burgerów/Produkt 2"}
{"name": "Produkt 2", "url": "https://zakupy.biedronka.pl/biedronka-rogalik-croissant-60-g-0000007100.html", "title": "Rogalik Croissant 60 g", "brand": "Biedronka", "price": "1.79 PLN", "packaging_details": "0.06kg- 29,83 zł / kg", "description_sections": [{"header": "Składniki i alergeny", "content": "Składniki:mąka PSZENNA, MASŁO (23 %), drożdże, cukier, woda, MLEKO pełne w proszku, GLUTEN PSZENNY, emulgator: E472e; masa JAJOWA pasteryzowana, sól, środek do przetwarzania mąki: kwas askorbinowy.Alergeny:ORCECHY, \n\nSELER, \n\nNASIONA SEZAMU, \n\nSOJA, \n\nŁUBIN, \n\nGORCZYCA"}, {"header": "Wartość odżywcza", "content": "W 100 gtłuszcz21 gw tym kwasy tłuszczowe nasycone14 gwęglowodany46 gw tym cukry8.1 gbłonnik2.3 gbiałko7.8 gsól1.1 gwartość energetyczna409 kcalwartość energetyczna1710 kJ"}, {"header": "Pozostałe informacje", "content": "Nazwa wymagana prawnie:Rogalik z ciasta półfrancuskiego drożdżowego, z masłem (23 %).  Produkt wypiekany z ciasta głęboko mrożonego."}], "images": ["data/images/fb0cc45d7b16417f2af69b9bfce98741.jpg"], "absolute_path": "Piekarnia/Wypieki/Wypieki słodkie/Produkt 2"}
{"name": "Produkt 1", "url": "https://zakupy.biedronka.pl/biedronka-rozek-z-jablkiem-95-g-0000009006.html", "title": "Rożek z jabłkiem 95 g", "brand": "Biedronka", "price": "2.79 PLN", "packaging_details": "0.095kg- 29,37 zł / kg", "description_sections": [{"header": "Składniki i alergeny", "content": "Składniki:mąka PSZENNA, margaryna [tłuszcze roślinne (palmowy, rzepakowy), oleje roślinne (palmowy, rzepakowy), woda, sól, emulgator: E471; regulator kwasowości: E330], jabłka (15 %), woda, mus jabłkowy (9%) (jabłka 95 %, cukier, przeciwutleniacz: E300), cukier, skrobia modyfikowana, glukoza, sól, pasteryzowana masa JAJOWA, substancje zagęszczające: E401, E450; GLUTEN PSZENNY, mąka ze słodu PSZENNEGO, mąka ze słodu JĘCZMIENNEGO, cynamon, drożdże, mąka ŻYTNIA, regulator kwasowości: E330, środek do przetwarzania mąki: E300.Alergeny:ORZECHY ARACHIDOWE, \n\nSOJA, \n\nMLEKO, \n\nORZECHY, \n\nSELER, \n\nGORCZYCA, \n\nNASIONA SEZAMU"}, {"header": "Wartość odżywcza", "content": "W 100 gtłuszcz17 gw tym kwasy tłuszczowe nasycone8.3 gbiałko4 gwęglowodany45 gw tym cukry16 gbłonnik1.4 gsól0.84 gwartość energetyczna352 kcalwartość energetyczna1473 kJ"}, {"header": "Pozostałe informacje", "content": "Nazwa wymagana prawnie:Ciastko z ciasta francuskiego z jabłkami.  Produkt wypiekany z ciasta głęboko mrożonego."}], "images": ["data/images/47717f72edc0bf02b5e0ae9c2eb0fb63.jpg"], "absolute_path": "Piekarnia/Wypieki/Wypieki słodkie/Produkt 1"}
{"name": "Produkt 5", "url": "https://zakupy.biedronka.pl/biedronka-zapiekanka-z-warzywami-grillowanymi-sosem-i-serem-100-g-0000008590.html", "title": "Zapiekanka z warzywami grillowanymi sosem i serem 100 g", "brand": "Biedronka", "price": "3.89 PLN", "packaging_details": "0.1kg- 38,90 zł / kg", "description_sections": [{"header": "Składniki i alergeny", "content": "Składniki:mąka PSZENNA, sos paprykowo - czosnkowy 24 % (papryka czerwona 14,5 %*, cukier, koncentrat pomidorowy, ocet spirytusowy, olej rzepakowy, skrobia modyfikowana, czosnek suszony 0,19 %*, sól, błonnik PSZENNY, przyprawy, barwnik: ekstrakt z papryki, zioła), woda, grillowane warzywa 16 % (papryka czerwona, papryka żółta, brokuły, bakłażan, cukinia, cebula, olej słonecznikowy),ser11,6 % (MLEKO, skrobia ziemniaczana, sól), mieszanka piekarnicza [mąka PSZENNA, mąka ŻYTNIA, łamane ziarna PSZENICY, łamane ziarna SOI, płatki OWSIANE, otręby PSZENNE, mąka ze słodu JĘCZMIENNEGO, sól, serwatka w proszku (z MLEKA), cukier, mąka ze słodu ŻYTNIEGO, tłuszcz palmowy, pęczniejąca mąka ŻYTNIA, pęczniejąca mąka PSZENNA, emulgatory: E 472e, lecytyny z rzepaku], olej rzepakowy, drożdże, sól, czosnek mielony, skrobia ziemniaczana, mieszanka piekarnicza (GLUTEN PSZENNY, mąka PSZENNA, środek do przetwarzania mąki: E 300) * % zawartość w wyrobie gotowymAlergeny:JAJA, \n\nORZECHY ARACHIDOWE, \n\nORZECHY, \n\nSELER, \n\nGORCZYCA, \n\nNASIONA SEZAMU"}, {"header": "Wartość odżywcza", "content": "W 100 gtłuszcz14.04 gw tym kwasy tłuszczowe nasycone2.74 gwęglowodany27.1 gw tym cukry5.12 gbiałko9.62 gsól1.64 gwartość energetyczna282 kcalwartość energetyczna1182 kJ"}, {"header": "Pozostałe informacje", "content": "Nazwa wymagana prawnie:Bagietka pszenna z sosem paprykowo-czosnkowym, grillowanymi warzywami i serem. Pieczywo odpiekane z produktu głęboko mrożonego."}], "images": ["data/images/7bc7e2b1840146b525f76695e820c26f.jpg"], "absolute_path": "Piekarnia/Wypieki/Wypieki słone/Produkt 5"}
{"name": "Produkt 3", "url": "https://zakupy.biedronka.pl/dan-cake-dan-cake-gofry-12-szt.-250-g-0000004714.html", "title": "Dan Cake Gofry (12 szt.) 250 g", "brand": "Dan Cake", "price": "5.99 PLN", "packaging_details": "0.25kg- 23,96 zł / kg", "description_sections": [{"header": "Składniki i alergeny", "content": "Składniki:32 %jaja,cukier,mąkapszenna,olej rzepakowy,tłuszcz palmowy*,substancje utrzymujące wilgoć: sorbitole, glicerol,mąka złubinu,emulgatory: mono- i diglicerydy kwasów tłuszczowych,lecytyny (soja),sól,regulator kwasowości: octany sodu,substancja spulchniająca: węglany amonu,naturalny aromat,(*certyfikowany olej palmowy)"}, {"header": "Pozostałe informacje", "content": "Nazwa wymagana prawnie:Gofry."}], "images": ["data/images/27462b47abe615873896536c814a67fa.jpg"], "absolute_path": "Piekarnia/Wypieki/Wypieki słodkie/Produkt 3"}
{"name": "Produkt 4", "url": "https://zakupy.biedronka.pl/biedronka-mini-ciastko-z-nadzieniem-budyniowym-35-g-0000019228.html", "title": "Mini ciastko z nadzieniem budyniowym 35 g", "brand": "Biedronka", "price": "1.49 PLN", "packaging_details": "0.035kg- 42,57 zł / kg", "description_sections": [{"header": "Składniki i alergeny", "content": "Składniki:Mąka PSZENNA, nadzienie budyniowe 25 % (woda, cukier, skrobia modyfikowana, JAJA, pełne MLEKO w proszku, MLEKO w proszku odtłuszczone, stabilizatory (mleczan wapnia, difosforan tetrasodowy, fosforan disodowy), olej kokosowy, syrop glukozowy, kurkuma ekstrakt, sól, emulgator (mono- i diglicery kwasów tłuszczowych estryfikowane kwasem mlekowym), naturalny aromat (MLEKO), ekstrakt z marchwi),masło(MLEKO) 17%, woda, drożdże, cukier, JAJA, sól, gluten PSZENNY, środki do przetwarzania mąki (alfa-amylazy, hemicelulazy, kwas askorbinowy). rwatka w proszku (z MLEKA), substancje spulchniające (difosforany, węglany sodu), mąka ze słodu PSZENNEGO, naturalny aromatAlergeny:NASIONA SEZAMU, \n\nSOJA, \n\nORZECHY"}, {"header": "Wartość odżywcza", "content": "W 100 gWartość odżywcza (w 100 g produktu)1449 kJWartość odżywcza (w 100 g produktu)346 kcalTłuszcz17 gw tym kasy tłuszczowe nasycone11 gwęglowodany39 gw tym cukry9.5 gbłonnik2.1 gBiałko7.2 gSól0.91 g"}, {"header": "Pozostałe informacje", "content": "Nazwa wymagana prawnie:Ciastko z ciasta francuskiego z nadzieniem budyniowym. Przeznaczone do wypieku. Produkt głęboko mrożony."}], "images": ["data/images/6c168042ee2aac8c8dc91bc57dbdcec6.jpg"], "absolute_path": "Piekarnia/Wypieki/Wypieki słodkie/Produkt 4"}
{"name": "Produkt 5", "url": "https://zakupy.biedronka.pl/biedronka-croissant-z-nadzieniem-orzechowo-kakaowym-85-g-0000005073.html", "title": "Croissant z nadzieniem orzechowo-kakaowym 85 g", "brand": "Biedronka", "price": "2.99 PLN", "packaging_details": "0.085kg- 35,18 zł / kg", "description_sections": [{"header": "Składniki i alergeny", "content": "Składniki:mąka PSZENNA, nadzienie orzechowo-kakaowe 19 % (cukier, olej palmowy, ORZECHY LASKOWE (15 %), kakao w proszku o obniżonej zawartości tłuszczu (6 %), MLEKO w proszku pełne, olej rzepakowy, emulgator: E322), MASŁO, woda, drożdże, cukier, dropsy czekoladowe 2 % (cukier, miazga kakaowa,masłokakaowe, emulgator: E322, naturalny aromat waniliowy), GLUTEN PSZENNY, emulgatory: E472e, E471; skrobia PSZENNA, sól, skrobia, środek do przetwarzania mąki: E300.Alergeny:ORZECHY, \n\nSELER, \n\nJAJA, \n\nNASIONA SEZAMU, \n\nSOJA, \n\nŁUBIN, \n\nGORCZYCA"}, {"header": "Wartość odżywcza", "content": "W 100 gtłuszcz20 gw tym kwasy tłuszczowe nasycone11 gwęglowodany43 gcukry13 gbłonnik1.8 gbiałko6.3 gsól0.92 gwartość energetyczna381 kcalwartość energetyczna1593 kJ"}, {"header": "Pozostałe informacje", "content": "Nazwa wymagana prawnie:Rogalik pszenny z ciasta półfrancuskiego drożdżowego, z nadzieniem orzechowo-kakaowym, posypany dropsami czekoladowymi.  Produkt wypiekany z ciasta głęboko mrożonego."}], "images": ["data/images/1f2612d5cf6b7efa3aca557e4b41c863.jpg"], "absolute_path": "Piekarnia/Wypieki/Wypieki słodkie/Produkt 5"}
{"name": "Produkt 6", "url": "https://zakupy.biedronka.pl/biedronka-chalka-recznie-zawijana-320-g-0000008562.html", "title": "Chałka ręcznie zawijana 320 g", "brand": "Biedronka", "price": "5.29 PLN", "packaging_details": "0.32kg- 16,53 zł / kg", "description_sections": [{"header": "Składniki i alergeny", "content": "Składniki:mąka PSZENNA, cukier, margaryna [oleje roślinne: palmowy, rzepakowy; woda, emulgator: E 471; sól, regulator kwasowości: kwas cytrynowy; aromat, barwnik: annato biksyna], woda, drożdże, substancja utrzymująca wilgoć: sorbitole; sól, serwatka w proszku ( z MLEKA), emulgator: E 471; żółtko JAJA w proszku, środek nabłyszczający [laktoza- z MLEKA, białka MLEKA, regulator kwasowości: węglan sodu], GLUTEN PSZENNY, białko JAJA w proszku, płatki ziemniaczane, aromat, dekstroza, maltodekstryna, kwas: kwas cytrynowy; barwnik: karoteny; środek do przetwarzania mąki: kwas askorbinowyAlergeny:ORZECHY ARACHIDOWE, \n\nSOJA, \n\nORZECHY, \n\nSELER, \n\nGORCZYCA, \n\nNASIONA SEZAMU"}, {"header": "Wartość odżywcza", "content": "W 100 gtłuszcz8.5 gw tym kwasy tłuszczowe nasycone2.4 gwęglowodany59 gw tym cukry11 gbłonnik1.9 gbiałko7.7 gsól0.73 gwartość energetyczna347 kcalwartość energetyczna1464 kJ"}, {"header": "Pozostałe informacje", "content": "Nazwa wymagana prawnie:Pieczywo półcukiernicze z ciasta drożdżowego udekorowane kruszonką (15,6 %).  Pieczywo odpiekane z produktu głęboko mrożonego."}], "images": ["data/images/f8f1a1f8476ebb3191e818aa16e7e4b2.jpg"], "absolute_path": "Piekarnia/Wypieki/Wypieki słodkie/Produkt 6"}
{"name": "Produkt 7", "url": "https://zakupy.biedronka.pl/7-days-7-days-rogalik-z-nadzieniem-kakaowym-60-g-0000007204.html", "title": "7 Days Rogalik z nadzieniem kakaowym 60 g", "brand": "7 Days", "price": "2.99 PLN", "packaging_details": "0.06kg- 49,83 zł / kg", "description_sections": [{"header": "Składniki i alergeny", "content": "Składniki:ciasto: mąkapszenna, oleje roślinne (olej palmowy, olej słonecznikowy), cukier, syrop glukozowo-fruktozowy, drożdże, sól, stabilizator (mono- i diglicerydy kwasów tłuszczowych), wanilina, regulator kwasowości (kwas cytrynowy), substancje konserwujące (propionian wapnia, sorbinian potasu),nadzienie kakaowe 23 %: cukier, olej palmowy, kakao w proszku o obniżonej zawartości tłuszczu,mlekow proszku odtłuszczone, alkohol etylowy, emulgator (estry kwasów tłuszczowych i poliglicerolu), wanilina, substancja żelująca (alginian sodu), substancja konserwująca (sorbinian potasu),Nadzienie kakaowe zawiera 7 % kakao w proszku o obniżonej zawartości tłuszczuAlergeny:Może zawierać Migdały, \n\nMoże zawierać Seler, \n\nMoże zawierać Jaja, \n\nMoże zawierać Orzechy laskowe, \n\nZawiera Mleko, \n\nMoże zawierać Orzeszki ziemne, \n\nMoże zawierać Orzeszki pekan, \n\nMoże zawierać Pistacje/orzechy pistacjowe, \n\nMoże zawierać Sezam, \n\nZawiera Pszenica"}, {"header": "Wartość odżywcza", "content": "W 100 gWartość energetyczna452 kcalTłuszcz28 gw tym kwasy tłuszczowe nasycone14 gWęglowodany42 gw tym cukry17 gBiałko7 gSól0.42 g"}, {"header": "Pozostałe informacje", "content": "Producent:Mondelez Polska sp. z o.o.,\nul. Domaniewska 49,\n02-672 Warszawa\nInfolinia: 801 066 006Nazwa wymagana prawnie:Rogalik z ciasta francuskiego z nadzieniem kakaowym."}], "images": ["data/images/6185ab183f62d2249d36247de03dd98a.jpg", "data/images/bab20df4f1541d1b475f6a71674866bf.jpg"], "absolute_path": "Piekarnia/Wypieki/Wypieki słodkie/Produkt 7"}
{"name": "Produkt 1", "url": "https://zakupy.biedronka.pl/pano-pano-tortilla-wraps-placki-wieloziarniste-306-g-0000004352.html", "title": "Pano Tortilla Wraps Placki wieloziarniste 306 g", "brand": "Pano", "price": "4.95 PLN", "packaging_details": "0.306kg- 16,18 zł / kg", "description_sections": [{"header": "Opis produktu", "content": "Placki z płatkami jęczmiennymi, płatkami owsianymi, otrębami pszennymi, siemieniem lnianym, nasionami szałwii hiszpańskiej (Salvia hispanica), bez dodatku substancji konserwujących stanowią źródło błonnika pokarmowego."}, {"header": "Składniki i alergeny", "content": "Składniki:mąkapszenna, woda, olej rzepakowy, stabilizator: glicerol; fermentowana mąkapszenna, płatkijęczmienne(1,5%), płatkiowsiane(1,5%), glutenpszenny, otrębypszenne(1,3%), regulator kwasowości: kwas jabłkowy; siemię lnianie (0,6%), emulgator: mono- i diglicerydy kwasów tłuszczowych; sól, substancja spulchniająca: węglany sodu; nasiona szałwii hiszpańskiej (Salvia hispanica) (0,5%), (glukoza (zpszenicy), środek do przetwarzania mąki: L-cysteinaAlergeny:Zboża zawierajace gluten, \n\nPszenica i produkty z pszenicy, \n\nJęczmień i produkty jęczmienne, \n\nOwies i produkty owsianeInne informacje o zawartości produktu:Zawiera surowce GMO:Nie"}, {"header": "Wartość odżywcza", "content": "W 100 gWartość energetyczna kcal300 kcalZawartość tłuszczów (ogólnie)6.7 gKwasy tłuszczowe nasycone1.3 gZawartość węglowodanów49 gCukry4.4 gZawartość błonnika4.7 gZawartość białek8.8 gZawartość soli1.1 g"}, {"header": "Przechowywanie i sposób przygotowania", "content": "Sposób przygotowania:Kuchenka mikrofalowa (650 W): Tortillę podgrzewać przez 15 sekund w mikrofalówce 650 W.Patelnia: Tortillę podgrzewać obustronnie przez 10 sekund na wcześniej rozgrzanej patelni.Piekarnik: Tortillę podgrzewać przez 1 minutę w piekarniku rozgrzanym do 150°C.Sposób podania:Produkt gotowy do bezpośredniego użycia lub do przygotowania w mikrofalówce, na patelni lub w piekarniku. W celu łatwiejszego oddzielenia placków od siebie należy zamknięte opakowanie wygiąć w górę i w dół."}, {"header": "Pozostałe informacje", "content": "Producent:Dijo Baking Sp. z o.o.Dystrybutor:Jeronimo Martins Polska S.A.Żniwna 5 62-025 KostrzynImporter:Jeronimo Martins Polska S.A.Żniwna 5 62-025 Kostrzyn PLNazwa wymagana prawnie:Tortilla - placki pszenne z dodatkiem płatków jęczmiennych, płatków owsianych, otrębów pszennych, siemienia lnianego i nasion szałwii hiszpańskiej (Salvia hispanica). Produkt może być spożywany przez wegan."}], "images": ["data/images/316b15f87ecd33254d6c334b62f52d8e.jpg", "data/images/3f04ba6a03bbab5a97e0a0dfe305db95.jpg"], "absolute_path": "Piekarnia/Wypieki/Pieczywo chrupkie i tortille/Produkt 1"}
{"name": "Produkt 8", "url": "https://zakupy.biedronka.pl/baitz-baitz-rogalik-z-nadzieniem-kakaowym-60-g-0000009896.html", "title": "Baitz Rogalik z nadzieniem kakaowym 60 g", "brand": "Baitz", "price": "2.29 PLN", "packaging_details": "0.06kg- 38,17 zł / kg", "description_sections": [{"header": "Składniki i alergeny", "content": "Składniki:ciasto [mąkapszenna, tłuszcze i oleje roślinne (palmowy, słonecznikowy, rzepakowy), woda, cukier, syrop glukozowy, drożdże, emulgator: mono- i diglicerydy kwasów tłuszczowych; sól, aromat, substancje konserwujące: propionian wapnia, kwas sorbiowy; regulator kwasowości: kwas cytrynowy; stabilizator: guma ksantanowa] Nadzienie kakaowe (30%) [cukier, tłuszcz palmowy, kakao o obniżonej zawartości tłuszczu (7%),mlekow proszku odtłuszczone, alkohol etylowy, emulgator: polirycynooleinian poliglicerolu; stabilizator: alginian sodu; substancja konserwująca: sorbinian potasu; aromat, regulator kwasowości: kwas cytrynowy]. Produkt może zawieraćjaja,soję,orzechyiorzeszki ziemneAlergeny:Mleko i produkty pochodne (łącznie z laktozą), \n\nZboża zawierajace gluten, \n\nPszenica i produkty z pszenicyInne informacje o zawartości produktu:Zawiera surowce GMO:Nie, \n\nInformacje szczegółowe dotyczące środków słodzących:zawiera syrop glukozowy lub glukozowo-fruktozowy, \n\nZawiera aromaty:Tak, \n\nZawiera substancje konserwujące:Tak, \n\nZawiera olej palmowy:Tak"}, {"header": "Wartość odżywcza", "content": "W 100 gWartość energetyczna kcal437 kcalZawartość tłuszczów (ogólnie)25 gKwasy tłuszczowe nasycone12 gZawartość węglowodanów44 gCukry17 gZawartość błonnika2.5 gZawartość białek7 gZawartość soli0.5 g"}, {"header": "Pozostałe informacje", "content": "Producent:Jeronimo Martins Polska S.A.Dystrybutor:Jeronimo Martins Polska S.A.Żniwna 5 62-025 KostrzynImporter:Jeronimo Martins Polska S.A.Żniwna 5 62-025 Kostrzyn PLNazwa wymagana prawnie:Rogalik z nadzieniem kakaowym"}], "images": ["data/images/360db55f8d29b0e077b965fead93bba9.jpg", "data/images/5b8735117c83641893fdd4ae412576ef.jpg"], "absolute_path": "Piekarnia/Wypieki/Wypieki słodkie/Produkt 8"}
{"name": "Produkt 2", "url": "https://zakupy.biedronka.pl/ryki-ryki-ser-zolty-rycki-edam-exclusive-plastry-135-g-0000003684.html", "title": "Ryki Ser żółty Rycki Edam Exclusive plastry 135 g", "brand": "Ryki", "price": "6.19 PLN", "packaging_details": "0.135kg- 45,85 zł / kg", "description_sections": [{"header": "Opis produktu", "content": "Ser podpuszczkowy dojrzewający w plastrach"}, {"header": "Składniki i alergeny", "content": "Składniki:Mleko pasteryzowane, sól, kultury bakteriiAlergeny:Mleko i produkty pochodne (łącznie z laktozą)Inne informacje o zawartości produktu:Zawiera surowce GMO:Nie, \n\nZawiera substancje konserwujące:Nie"}, {"header": "Wartość odżywcza", "content": "W 100 gWartość energetyczna kcal355 kcalZawartość tłuszczów (ogólnie)27 gKwasy tłuszczowe nasycone18 gZawartość węglowodanów2 gCukry0 gZawartość białek26 gZawartość soli1.1 g"}, {"header": "Pozostałe informacje", "content": "Kraj pochodzenia:PolskaKraj pochodzenia zależy od konkretnej partii produktu jaka znajduje się w sklepie. Informację o kraju pochodzenia znajdziesz na opakowaniu. Możesz również dodać komentarz z preferowanym typem produktu w koszyku lub wiadomości dla shoppera (np. “prosze o pomidory polskie”).Dystrybutor:Spółdzielnia Mleczarska RykiŻytnia 3 08-500 Rykisekretariat@smryki.plNazwa wymagana prawnie:Ser podpuszczkowy, dojrzewający"}], "images": ["data/images/ab4d381fae27eacab50c2ec2c3b09ee6.jpg"], "absolute_path": "Nabiał/Sery/Sery żółte/Produkt 2"}
{"name": "Produkt 2", "url": "https://zakupy.biedronka.pl/san-san-bieszczadzkie-suchary-90-g-0000006244.html", "title": "San Bieszczadzkie suchary 90 g", "brand": "San", "price": "2.49 PLN", "packaging_details": "0.09kg- 27,67 zł / kg", "description_sections": [{"header": "Składniki i alergeny", "content": "Składniki:mąkapszenna,mąkażytnia,syrop glukozowo-fruktozowy,ekstrakt słodowyjęczmienny,olej palmowy,cukier,kminek,sól,substancja spulchniająca (węglany amonu),drożdże suszoneAlergeny:Zawiera Jęczmień, \n\nMoże zawierać Jaja, \n\nMoże zawierać Mleko, \n\nMoże zawierać Orzechy, \n\nZawiera Żyto, \n\nMoże zawierać Sezam, \n\nMoże zawierać Soja, \n\nZawiera PszenicaInne informacje o zawartości produktu:Syrop glukozowy lub glukozowo-fruktozowy:Zawiera"}, {"header": "Wartość odżywcza", "content": "W 100 gWartość energetyczna390 kcalTłuszcz4.9 gw tym kwasy tłuszczowe nasycone1.7 gWęglowodany75.5 gw tym cukry11 gBłonnik4.3 gBiałko8.4 gSól0.98 g"}, {"header": "Pozostałe informacje", "content": "Producent:Mondelez Polska sp. z o.o.Dystrybutor:Mondelez Polska S.A.ul. Domaniewska 49 02-672 Warszawa Infolinia 801 066 006Importer:Mondelez Polska sp z o.o.Domaniewska 49 02-672 Warszawa PLNazwa wymagana prawnie:Suchary."}], "images": ["data/images/97ae0c2e704922dd3d015023e58d88ad.jpg"], "absolute_path": "Piekarnia/Wypieki/Pieczywo chrupkie i tortille/Produkt 2"}
{"name": "Produkt 1", "url": "https://zakupy.biedronka.pl/sierpc-sierpc-krolewski-ser-zolty-plastry-135-g-0000003599.html", "title": "Sierpc Królewski Ser żółty plastry 135 g", "brand": "Sierpc", "price": "6.49 PLN", "packaging_details": "0.135kg- 48,07 zł / kg", "description_sections": [{"header": "Opis produktu", "content": "Wiodącym produktem osm sierpc jest ser królewski. Ser królewski cieszy się niesłabnącym powodzeniem, wśród klientów hurtowych i detalicznych. Ser królewski doceniają nie tylko klienci w polsce, ale i za granicami naszego państwa. Tajemnica jego smaku tkwi w procesie jego wytwarzania, zależy również od czasu dojrzewania sera. Im ser straszy, tym bardziej twardy, kruchy i intensywny w smaku. ŚWieże bochny sera są delikatne w smaku idealnie nadają się do kanapek czy lekkich sałatek. Bardziej dojrzały ser królewski ma intensywny smak, bardziej intensywną żółtą barwę, intensywny zapach i smak oraz wybitną ostrość. Takie sery zaskakują też orzechowym aromatem i smakiem. Pełnię smaku i aromatu sera królewskiego można poczuć, popijając kęs sera słodkim, czerwonym winem. Ser królewski oprócz niewątpliwej urody-jaką zawdzięcza dużym oczkom w serze, ma znakomitą sprężystą konsystencję oraz niezapomniany smak- lekko słodki orzechowy smak wyrazisty i subtelnie piekący.Ser podpuszczkowy dojrzewający, półtwardy, typu ementalskiego, uzyskany z mleka krowiego, pasteryzowanego o ustalonej zawartości tłuszczu, bez konserwantów"}, {"header": "Składniki i alergeny", "content": "Składniki:mleko, sól, stabilizator:chlorek wapnia, kultury bakterii ( szczepionka serowarska, szczepionka bakterii propionowych) dopuszcza się barwnika: annato, bez konserwantówAlergeny:Mleko i produkty pochodne (łącznie z laktozą)Inne informacje o zawartości produktu:Zawiera surowce GMO:Nie, \n\nOsłonka niejadalna:Tak, \n\nInformacje szczegółowe dotyczące środków słodzących:Nie, \n\nZawiera lukrecję:Nie, \n\nZawiera chininę:Nie, \n\nZawiera taurynę:Nie, \n\nZawiera przeciwutleniacze:Nie, \n\nZawiera wzmacniacze smaku:Nie, \n\nZawiera fosforany:Nie, \n\nZawiera siarczyny:Nie, \n\nZawiera barwniki:Tak, \n\nZawiera substancje konserwujące:Nie, \n\nZawiera kofeinę:Nie, \n\nŚrodki spozywcze z dodatkiem fitosteroli, estrów fitosteroli, fitostanoli lub estrów fitostanoli:Nie, \n\nDodatki zawarte w produkcie (E-symbole):E509 Chlorek wapnia, \n\nFunkcje dodatków obecnych w produkcie (zadeklarowanych jako dodatki lub numery E):Stabilizator"}, {"header": "Wartość odżywcza", "content": "W 100 gWartość energetyczna kcal352 kcalZawartość tłuszczów (ogólnie)27 gKwasy tłuszczowe nasycone18 gKwasy tłuszczowe jednonienasycone0 gKwasy tłuszczowe wielonienasycone0 gZawartość węglowodanów1.2 gCukry0 gAlkohole wielowodorotlenowe - poliole0 gSkrobia0 gZawartość błonnika0 gZawartość białek26 gZawartość soli1.5 gWitaminy i składniki mineralnew% RWS wBiotyna (%RWS)0 %RWS0%Biotyna (witamina B7)0 μg0%Chlor0 mg0%Chlor (%RWS)0 %RWS0%Chrom0 μg0%Chrom (%RWS)0 %RWS0%Cynk0 mg0%Cynk (%RWS)0 %RWS0%Fluor0 mg0%Fluor (%RWS)0 %RWS0%Fosfor0 mg0%Fosfor (%RWS)0 %RWS0%Jod0 μg0%Jod (%RWS)0 %RWS0%Kwas foliowy (%RWS)0 %RWS0%Kwas foliowy (witamina B9)0 μg0%Kwas pantotenowy0 mg0%Kwas pantotenowy (%RWS)0 %RWS0%Magnez0 mg0%Magnez (%RWS)0 %RWS0%Mangan0 mg0%Mangan (%RWS)0 %RWS0%Miedź0 mg0%Miedź (%RWS)0 %RWS0%Molibden0 μg0%Molibden (%RWS)0 %RWS0%Niacyna (%RWS)0 %RWS0%Niacyna (witamina B3, PP)0 mg0%Pirydoksyna (witamina B6)0 mg0%Potas0 mg0%Potas (%RWS)0 %RWS0%Ryboflawina (%RWS)0 %RWS0%Ryboflawina (witamina B2)0 mg0%Selen0 μg0%Selen (%RWS)0 %RWS0%Tiamina (%RWS)0 %RWS0%Tiamina (witamina B1)0 mg0%Wapń0 mg0%Wapń (%RWS)0 %RWS0%Witamina A0 μg0%Witamina A (%RWS)0 %RWS0%Witamina B120 μg0%Witamina B12 (%RWS)0 %RWS0%Witamina B6 (%RWS)0 %RWS0%Witamina C0 mg0%Witamina C (%RWS)0 %RWS0%Witamina D0 μg0%Witamina D (%RWS)0 %RWS0%Witamina E0 mg0%Witamina E (%RWS)0 %RWS0%Witamina K0 μg0%Witamina K (%RWS)0 %RWS0%Żelazo0 mg0%Żelazo (%RWS)0 %RWS0%"}, {"header": "Pozostałe informacje", "content": "Kraj pochodzenia:PolskaKraj pochodzenia zależy od konkretnej partii produktu jaka znajduje się w sklepie. Informację o kraju pochodzenia znajdziesz na opakowaniu. Możesz również dodać komentarz z preferowanym typem produktu w koszyku lub wiadomości dla shoppera (np. “prosze o pomidory polskie”).Producent:Okręgowa Spółdzielnia Mleczarska w Sierpcu\nul. Żeromskiego 2a\n09-200 SierpcDystrybutor:OKRĘGOWA SPÓŁDZIELNIA MLECZARSKA W SIERPCUŻEROMSKIEGO 2A 09-200 SIERPCNazwa wymagana prawnie:BAG ser królewski plastry 135g"}], "images": ["data/images/c10076a314fc4665c2fdf776f7510d0e.jpg"], "absolute_path": "Nabiał/Sery/Sery żółte/Produkt 1"}
{"name": "Produkt 4", "url": "https://zakupy.biedronka.pl/sierpc-sierpc-ser-krolewski-light-plastry-135-g-0000005477.html", "title": "Sierpc Ser Królewski Light plastry 135 g", "brand": "Sierpc", "price": "6.49 PLN", "packaging_details": "0.135kg- 48,07 zł / kg", "description_sections": [{"header": "Opis produktu", "content": "Szlachetny ser dojrzewający, lekki nie tylko w smaku dzięki obniżonej zawartości tłuszczu. Doskonały z ziarnistym razowcem i sałatą, stanowi ukoronowanie każdego dobrego śniadania i lunchu.Bez konserwantów."}, {"header": "Składniki i alergeny", "content": "Składniki:mleko,sól,stabilizator: chlorek wapnia,kultury bakterii,barwnik: annato norbiksynaAlergeny:Zawiera MlekoInne informacje o zawartości produktu:konserwanty:Nie zawiera"}, {"header": "Wartość odżywcza", "content": "W 100 gWartość energetyczna301 kcalTłuszcz19 gw tym kwasy tłuszczowe nasycone12 gWęglowodany1.6 gw tym cukry0 gBiałko31 gSól1.4 gWitaminy i składniki mineralnew% RWS wBiotyna (%RWS)0 %RWS0%Biotyna (witamina B7)0 μg0%Chlor0 mg0%Chlor (%RWS)0 %RWS0%Chrom0 μg0%Chrom (%RWS)0 %RWS0%Cynk0 mg0%Cynk (%RWS)0 %RWS0%Fluor0 mg0%Fluor (%RWS)0 %RWS0%Fosfor0 mg0%Fosfor (%RWS)0 %RWS0%Jod0 μg0%Jod (%RWS)0 %RWS0%Kwas foliowy (%RWS)0 %RWS0%Kwas foliowy (witamina B9)0 μg0%Kwas pantotenowy0 mg0%Kwas pantotenowy (%RWS)0 %RWS0%Magnez0 mg0%Magnez (%RWS)0 %RWS0%Mangan0 mg0%Mangan (%RWS)0 %RWS0%Miedź0 mg0%Miedź (%RWS)0 %RWS0%Molibden0 μg0%Molibden (%RWS)0 %RWS0%Niacyna (%RWS)0 %RWS0%Niacyna (witamina B3, PP)0 mg0%Pirydoksyna (witamina B6)0 mg0%Potas0 mg0%Potas (%RWS)0 %RWS0%Ryboflawina (%RWS)0 %RWS0%Ryboflawina (witamina B2)0 mg0%Selen0 μg0%Selen (%RWS)0 %RWS0%Tiamina (%RWS)0 %RWS0%Tiamina (witamina B1)0 mg0%Wapń1060 mg0%Wapń (%RWS)0 %RWS0%Witamina A169 μg0%Witamina A (%RWS)0 %RWS0%Witamina B120 μg0%Witamina B12 (%RWS)0 %RWS0%Witamina B6 (%RWS)0 %RWS0%Witamina C0 mg0%Witamina C (%RWS)0 %RWS0%Witamina D0 μg0%Witamina D (%RWS)0 %RWS0%Witamina E0 mg0%Witamina E (%RWS)0 %RWS0%Witamina K0 μg0%Witamina K (%RWS)0 %RWS0%Żelazo0 mg0%Żelazo (%RWS)0 %RWS0%"}, {"header": "Pozostałe informacje", "content": "Kraj pochodzenia:PolskaKraj pochodzenia zależy od konkretnej partii produktu jaka znajduje się w sklepie. Informację o kraju pochodzenia znajdziesz na opakowaniu. Możesz również dodać komentarz z preferowanym typem produktu w koszyku lub wiadomości dla shoppera (np. “prosze o pomidory polskie”).Producent:Okręgowa Spółdzielnia Mleczarska w Sierpcu\nul. Żeromskiego 2a, \n09-200 Sierpc, \ntel. 24 275 38 81Dystrybutor:Okręgowa Spółdzielnia Mleczarska w Sierpcu09-200  SierpcNazwa wymagana prawnie:Ser królewski Light. Podpuszczkowy, dojrzewający."}], "images": ["data/images/77571c9ea102b2f46504e7321ffef890.jpg"], "absolute_path": "Nabiał/Sery/Sery żółte/Produkt 4"}
{"name": "Produkt 3", "url": "https://zakupy.biedronka.pl/swiatowid-swiatowid-ser-zolty-edamski-porcja-250-g-0000000795.html", "title": "Światowid Ser żółty Edamski porcja 250 g", "brand": "Światowid", "price": "7.99 PLN", "packaging_details": "0.25kg- 31,96 zł / kg", "description_sections": [{"header": "Opis produktu", "content": "Ser Edamski - podpuszczkowy, dojrzewający."}, {"header": "Składniki i alergeny", "content": "Składniki:Składniki:mleko(wyprodukowano bez stosowania GMO), sól, stabilizator: chlorek wapnia; kultury bakterii kwasu mlekowego, podpuszczka mikrobiologiczna."}, {"header": "Pozostałe informacje", "content": "Kraj pochodzenia:PolskaKraj pochodzenia zależy od konkretnej partii produktu jaka znajduje się w sklepie. Informację o kraju pochodzenia znajdziesz na opakowaniu. Możesz również dodać komentarz z preferowanym typem produktu w koszyku lub wiadomości dla shoppera (np. “prosze o pomidory polskie”).Nazwa wymagana prawnie:Ser zółty Edamski porcja  250 g"}], "images": ["data/images/e3dbfd9b95f81052a3ef85bc00073218.jpg"], "absolute_path": "Nabiał/Sery/Sery żółte/Produkt 3"}
{"name": "Produkt 7", "url": "https://zakupy.biedronka.pl/sierpc-sierpc-ser-krolewski-wedzony-plastry-135-g-0000005476.html", "title": "Sierpc Ser Królewski wędzony plastry 135 g", "brand": "Sierpc", "price": "6.49 PLN", "packaging_details": "0.135kg- 48,07 zł / kg", "description_sections": [{"header": "Opis produktu", "content": "wiodącym produktem osm sierpc jest ser królewski. Ser królewski cieszy się niesłabnącym powodzeniem, wśród klientów hurtowych i detalicznych. Ser królewski doceniają nie tylko klienci w polsce, ale i za granicami naszego państwa. Tajemnica jego smaku tkwi w procesie jego wytwarzania, zależy również od czasu dojrzewania sera. Im ser straszy, tym bardziej twardy, kruchy i intensywny w smaku. ŚWieże bochny sera są delikatne w smaku idealnie nadają się do kanapek czy lekkich sałatek. Bardziej dojrzały ser królewski ma intensywny smak, bardziej intensywną żółtą barwę, intensywny zapach i smak oraz wybitną ostrość. Takie sery zaskakują też orzechowym aromatem i smakiem. Pełnię smaku i aromatu sera królewskiego można poczuć, popijając kęs sera słodkim, czerwonym winem. Ser królewski oprócz niewątpliwej urody-jaką zawdzięcza dużym oczkom w serze, ma znakomitą sprężystą konsystencję oraz niezapomniany smak- lekko słodki orzechowy smak wyrazisty i subtelnie piekący.ser ser podpuszczkowy dojrzewający, półtwardy, typu ementalskiego, uzyskany z mleka krowiego, pasteryzowanego o ustalonej zawartości tłuszczu, bez konserwantów"}, {"header": "Składniki i alergeny", "content": "Składniki:mleko, sól, stabilizator: chlorek wapnia, kultury bakterii (szczepionka serowarska, szczepionka bakterii propionowych, dopuszcza się dodatek barwnika: annato, bez konserwantówAlergeny:Mleko i produkty pochodne (łącznie z laktozą)Inne informacje o zawartości produktu:Zawiera surowce GMO:Nie, \n\nOsłonka niejadalna:Tak, \n\nInformacje szczegółowe dotyczące środków słodzących:Nie, \n\nZawiera lukrecję:Nie, \n\nZawiera chininę:Nie, \n\nZawiera taurynę:Nie, \n\nZawiera przeciwutleniacze:Nie, \n\nZawiera wzmacniacze smaku:Nie, \n\nZawiera fosforany:Nie, \n\nZawiera siarczyny:Nie, \n\nZawiera barwniki:Tak, \n\nZawiera substancje konserwujące:Nie, \n\nZawiera kofeinę:Nie, \n\nŚrodki spozywcze z dodatkiem fitosteroli, estrów fitosteroli, fitostanoli lub estrów fitostanoli:Nie, \n\nDodatki zawarte w produkcie (E-symbole):E509 Chlorek wapnia, \n\nFunkcje dodatków obecnych w produkcie (zadeklarowanych jako dodatki lub numery E):Stabilizator"}, {"header": "Wartość odżywcza", "content": "W 100 gWartość energetyczna kcal352 kcalZawartość tłuszczów (ogólnie)27 gKwasy tłuszczowe nasycone18 gKwasy tłuszczowe jednonienasycone0 gKwasy tłuszczowe wielonienasycone0 gZawartość węglowodanów1.2 gCukry0 gAlkohole wielowodorotlenowe - poliole0 gSkrobia0 gZawartość błonnika0 gZawartość białek26 gZawartość soli1.4 gWitaminy i składniki mineralnew% RWS wBiotyna (%RWS)0 %RWS0%Biotyna (witamina B7)0 μg0%Chlor0 mg0%Chlor (%RWS)0 %RWS0%Chrom0 μg0%Chrom (%RWS)0 %RWS0%Cynk0 mg0%Cynk (%RWS)0 %RWS0%Fluor0 mg0%Fluor (%RWS)0 %RWS0%Fosfor0 mg0%Fosfor (%RWS)0 %RWS0%Jod0 μg0%Jod (%RWS)0 %RWS0%Kwas foliowy (%RWS)0 %RWS0%Kwas foliowy (witamina B9)0 μg0%Kwas pantotenowy0 mg0%Kwas pantotenowy (%RWS)0 %RWS0%Magnez0 mg0%Magnez (%RWS)0 %RWS0%Mangan0 mg0%Mangan (%RWS)0 %RWS0%Miedź0 mg0%Miedź (%RWS)0 %RWS0%Molibden0 μg0%Molibden (%RWS)0 %RWS0%Niacyna (%RWS)0 %RWS0%Niacyna (witamina B3, PP)0 mg0%Pirydoksyna (witamina B6)0 mg0%Potas0 mg0%Potas (%RWS)0 %RWS0%Ryboflawina (%RWS)0 %RWS0%Ryboflawina (witamina B2)0 mg0%Selen0 μg0%Selen (%RWS)0 %RWS0%Tiamina (%RWS)0 %RWS0%Tiamina (witamina B1)0 mg0%Wapń0 mg0%Wapń (%RWS)0 %RWS0%Witamina A0 μg0%Witamina A (%RWS)0 %RWS0%Witamina B120 μg0%Witamina B12 (%RWS)0 %RWS0%Witamina B6 (%RWS)0 %RWS0%Witamina C0 mg0%Witamina C (%RWS)0 %RWS0%Witamina D0 μg0%Witamina D (%RWS)0 %RWS0%Witamina E0 mg0%Witamina E (%RWS)0 %RWS0%Witamina K0 μg0%Witamina K (%RWS)0 %RWS0%Żelazo0 mg0%Żelazo (%RWS)0 %RWS0%"}, {"header": "Pozostałe informacje", "content": "Kraj pochodzenia:PolskaKraj pochodzenia zależy od konkretnej partii produktu jaka znajduje się w sklepie. Informację o kraju pochodzenia znajdziesz na opakowaniu. Możesz również dodać komentarz z preferowanym typem produktu w koszyku lub wiadomości dla shoppera (np. “prosze o pomidory polskie”).Producent:Okręgowa Spółdzielnia Mleczarska w Sierpcu\nul. Żeromskiego 2a, \n09-200 Sierpc,\ntel. 24 275 38 81Dystrybutor:OKRĘGOWA SPÓŁDZIELNIA MLECZARSKA W SIERPCUŻEROMSKIEGO 2A 09-200 SIERPCNazwa wymagana prawnie:ser królewski wędzony plastry 135 g"}], "images": ["data/images/d4a34b9ace424be1e59a7c1a9bf07b25.jpg"], "absolute_path": "Nabiał/Sery/Sery żółte/Produkt 7"}
{"name": "Produkt 8", "url": "https://zakupy.biedronka.pl/sierpc-sierpc-ser-kasztelan-klasyczny-380-g-0000021265.html", "title": "Sierpc Ser Kasztelan klasyczny 380 g", "brand": "Sierpc", "price": "15.99 PLN", "packaging_details": "0.38kg- 42,08 zł / kg", "description_sections": [{"header": "Opis produktu", "content": "Ser podpuszczkowy dojrzewającyuzyskany z mleka krowiego, passteryzowanego o uzyskanej zawartości tłuszczu. Do bezpośredniego spożycia. Barwa kremowa do żółtej, konsystencja jednolita, elastyczna, brak oczek lub oczka nieliczne. Smak i zapach łagodny, orzechowy, aromatyczny, lekko kwaskowaty, lekko pikatny do pikantnego."}, {"header": "Składniki i alergeny", "content": "Składniki:mleko, sól, stabilizator chlorek wapnia, kultury bakterii, barwnik annatonorbiksynaAlergeny:Mleko i produkty pochodne (łącznie z laktozą)Inne informacje o zawartości produktu:Zawiera surowce GMO:Nie"}, {"header": "Pozostałe informacje", "content": "Kraj pochodzenia:PolskaKraj pochodzenia zależy od konkretnej partii produktu jaka znajduje się w sklepie. Informację o kraju pochodzenia znajdziesz na opakowaniu. Możesz również dodać komentarz z preferowanym typem produktu w koszyku lub wiadomości dla shoppera (np. “prosze o pomidory polskie”).Producent:Okręgowa Spółdzielnia Mleczarska w SierpcuImporter:OKRĘGOWA SPÓŁDZIELNIA MLECZARSKA W SIERPCUŻEROMSKIEGO 2A 09-200 SIERPC PLNazwa wymagana prawnie:PLASTRY KASZTELAN klasyczny 380G"}], "images": ["data/images/e95f639f1ed5c5fba94270949104e9eb.jpg", "data/images/81224a409a758e52456cfe45fc4a0b71.jpg"], "absolute_path": "Nabiał/Sery/Sery żółte/Produkt 8"}
{"name": "Produkt 5", "url": "https://zakupy.biedronka.pl/sierpc-sierpc-ser-kasztelan-smietankowy-380-g-0000021264.html", "title": "Sierpc Ser Kasztelan śmietankowy 380 g", "brand": "Sierpc", "price": "15.99 PLN", "packaging_details": "0.38kg- 42,08 zł / kg", "description_sections": [{"header": "Opis produktu", "content": "Ser podpuszczkowy dojrzewającyuzyskany z mleka krowiego, passteryzowanego o uzyskanej zawartości tłuszczu. Do bezpośredniego spożycia. Barwa kremowa do żółtej, konsystencja jednolita, elastyczna, brak oczek lub oczka nieliczne. Smak i zapach łagodny, orzechowy, aromatyczny, lekko kwaskowaty, lekko pikatny do pikantnego."}, {"header": "Składniki i alergeny", "content": "Składniki:mleko, sól, stabilizator chlorek wapnia, kultury bakterii, barwnik annatonorbiksynaAlergeny:Mleko i produkty pochodne (łącznie z laktozą)Inne informacje o zawartości produktu:Zawiera surowce GMO:Nie"}, {"header": "Pozostałe informacje", "content": "Kraj pochodzenia:PolskaKraj pochodzenia zależy od konkretnej partii produktu jaka znajduje się w sklepie. Informację o kraju pochodzenia znajdziesz na opakowaniu. Możesz również dodać komentarz z preferowanym typem produktu w koszyku lub wiadomości dla shoppera (np. “prosze o pomidory polskie”).Producent:Okręgowa Spółdzielnia Mleczarska w SierpcuImporter:OKRĘGOWA SPÓŁDZIELNIA MLECZARSKA W SIERPCUŻEROMSKIEGO 2A 09-200 SIERPC PLNazwa wymagana prawnie:PLASTRY KASZTELAN śmietankowy 380G"}], "images": ["data/images/a929d3b106fafdaecddfd63a2cf219b9.jpg", "data/images/bf15e8515afd5cefb40fa8e4feb2b4b7.jpg"], "absolute_path": "Nabiał/Sery/Sery żółte/Produkt 5"}
{"name": "Produkt 6", "url": "https://zakupy.biedronka.pl/biedronka-biedronka-grana-padano-200-g-0000005195.html", "title": "Biedronka Grana Padano 200 g", "brand": "Biedronka", "price": "16.99 PLN", "packaging_details": "0.2kg- 84,95 zł / kg", "description_sections": [{"header": "Składniki i alergeny", "content": "Składniki:mlekoniepasteryzowane, sól, podpuszczka, substancja konserwująca: lizozym zjaja.Alergeny:Mleko i produkty pochodne (łącznie z laktozą), \n\nJaja i produkty pochodneInne informacje o zawartości produktu:Zawiera surowce GMO:Nie, \n\nZawiera substancje konserwujące:Tak"}, {"header": "Wartość odżywcza", "content": "W 100 gWartość energetyczna kcal398 kcalZawartość tłuszczów (ogólnie)29 gKwasy tłuszczowe nasycone18 gZawartość węglowodanów0 gCukry0 gZawartość białek33 gZawartość soli1.5 g"}, {"header": "Pozostałe informacje", "content": "Dystrybutor:Jeronimo Martins Polska S.A.Żniwna 5 62-025 KostrzynNazwa wymagana prawnie:Grana Padano Ch.N.P. Ser twardy Grana Padano dojrzewający min. 20 miesięcy."}], "images": ["data/images/e7e5996a43af7fdb8c6b2afd36c230f6.jpg", "data/images/c87da7ca418c78786e2eee9c4806f846.jpg"], "absolute_path": "Nabiał/Sery/Sery żółte/Produkt 6"}
{"name": "Produkt 9", "url": "https://zakupy.biedronka.pl/wloszczowa-wloszczowa-ser-gouda-plastry-400-g--0000007925.html", "title": "Włoszczowa Ser Gouda plastry 400 g", "brand": "Włoszczowa", "price": "14.99 PLN", "packaging_details": "0.4kg- 37,48 zł / kg", "description_sections": [{"header": "Opis produktu", "content": "Plastry gouda cenione za doskonały smak w funkcjonalnym opakowaniu. Znakomite do przygotowania kanapek oraz fantazyjnych przystawek."}, {"header": "Składniki i alergeny", "content": "Składniki:mlekopasteryzowane, sól spożywcza, stabilizator: chlorek wapnia, kultury bakterii mlekowych (mleko), podpuszczka mikrobiologiczna,"}, {"header": "Pozostałe informacje", "content": "Kraj pochodzenia:PolskaKraj pochodzenia zależy od konkretnej partii produktu jaka znajduje się w sklepie. Informację o kraju pochodzenia znajdziesz na opakowaniu. Możesz również dodać komentarz z preferowanym typem produktu w koszyku lub wiadomości dla shoppera (np. “prosze o pomidory polskie”).Nazwa wymagana prawnie:Ser Gouda palsterkowany-ser podpuszczkowy dojrzewający"}], "images": ["data/images/01654ecf4993a7d835a7712a1550d7e1.jpg"], "absolute_path": "Nabiał/Sery/Sery żółte/Produkt 9"}
{"name": "Produkt 11", "url": "https://zakupy.biedronka.pl/wloszczowa-wloszczowa-ser-wloszczowski-plastry-400-g-0000007927.html", "title": "Włoszczowa Ser Włoszczowski plastry 400 g", "brand": "Włoszczowa", "price": "14.99 PLN", "packaging_details": "0.4kg- 37,48 zł / kg", "description_sections": [{"header": "Opis produktu", "content": "Ser Włoszczowski plastry 400g. cenione za doskonały smak w funkcjonalnym opakowaniu. Znakomite do przygotowania kanapek oraz fantazyjnych przystawek."}, {"header": "Składniki i alergeny", "content": "Składniki:mlekopasteryzowane, sól spożywcza, stabilizator: chlorek wapnia, kultury bakterii mlekowych (mleko), podpuszczka mikrobiologiczna,"}, {"header": "Pozostałe informacje", "content": "Kraj pochodzenia:PolskaKraj pochodzenia zależy od konkretnej partii produktu jaka znajduje się w sklepie. Informację o kraju pochodzenia znajdziesz na opakowaniu. Możesz również dodać komentarz z preferowanym typem produktu w koszyku lub wiadomości dla shoppera (np. “prosze o pomidory polskie”).Nazwa wymagana prawnie:Ser Włoszczowski plasterkowany ser podpuszczkowy dojrzewający"}], "images": ["data/images/ea33e401117b764534776b1935c6fe16.jpg"], "absolute_path": "Nabiał/Sery/Sery żółte/Produkt 11"}
{"name": "Produkt 2", "url": "https://zakupy.biedronka.pl/gustobello-gusto-bello-gorgonzola-dolce-lagodna-150-g-0001176197.html", "title": "Gusto Bello Gorgonzola Dolce Łagodna 150 g", "brand": "GustoBello", "price": "7.49 PLN", "packaging_details": "0.15kg", "description_sections": [{"header": "Składniki i alergeny", "content": "Składniki:mlekopasteryzowane, sól, bakterie kwasu mlekowego, podpuszczka cielęca, pleśń: Penicillium roqueforti. Skórkaserajest niejadalna."}, {"header": "Pozostałe informacje", "content": "Kraj pochodzenia:WłochyKraj pochodzenia zależy od konkretnej partii produktu jaka znajduje się w sklepie. Informację o kraju pochodzenia znajdziesz na opakowaniu. Możesz również dodać komentarz z preferowanym typem produktu w koszyku lub wiadomości dla shoppera (np. “prosze o pomidory polskie”).Dystrybutor:Jeronimo Martins Polska S.A.Żniwna 5 62-025 Kostrzyn PLImporter:Jeronimo Martins Polska S.A.Żniwna 5 62-025 Kostrzyn PLNazwa wymagana prawnie:Gorgonzola ChNP Dolce. Ser miękki, dojrzewający z przerostem niebieskiej pleśni, łagodny. (ChNP - Chroniona Nazwa Pochodzenia)"}], "images": ["data/images/1a9bfe8c3207b6490aeaeec94267d340.jpg"], "absolute_path": "Nabiał/Sery/Sery pleśniowe/Produkt 2"}
{"name": "Produkt 10", "url": "https://zakupy.biedronka.pl/mlekovita-mlekovita-ser-cheddar-plastry-300-g-0000008154.html", "title": "Mlekovita Ser Cheddar plastry 300 g", "brand": "Mlekovita", "price": "12.99 PLN", "packaging_details": "0.3kg- 43,30 zł / kg", "description_sections": [{"header": "Opis produktu", "content": "Ser Cheddar w plastrach to ser dojrzewający typu twardego, produkowany z mleka pasteryzowanego. Jest doskonałym źródłem wapnia i białka. Znakomicie nadaje się na wykwintną deskę serów, sprawdzi się jako samodzielna przekąska czy składnik sałatek i przystawek oraz wielu potraw, w tym dań zapiekanych, makaronów czy pizzy. Cheddar wytwarzany jest według unikalnej, tradycyjnej receptury mistrzów serowarstwa. Swoim wyrazistym, intensywnym i charakterystycznym smakiem zapewnia niezapomniane doznania nawet najbardziej wymagającym konsumentom."}, {"header": "Składniki i alergeny", "content": "Składniki:mleko, sól, kultury bakterii, barwnik: karotenyAlergeny:Mleko i produkty pochodne (łącznie z laktozą)Inne informacje o zawartości produktu:Zawiera surowce GMO:Nie"}, {"header": "Wartość odżywcza", "content": "W 100 gWartość energetyczna kcal379 kcalZawartość tłuszczów (ogólnie)31 gKwasy tłuszczowe nasycone20 gZawartość węglowodanów0 gCukry0 gZawartość białek25 gZawartość soli1.7 gWitaminy i składniki mineralnew 100 g% RWS w 100 gWapń800 mg100%"}, {"header": "Pozostałe informacje", "content": "Kraj pochodzenia:PolskaKraj pochodzenia zależy od konkretnej partii produktu jaka znajduje się w sklepie. Informację o kraju pochodzenia znajdziesz na opakowaniu. Możesz również dodać komentarz z preferowanym typem produktu w koszyku lub wiadomości dla shoppera (np. “prosze o pomidory polskie”).Producent:SM Mlekovitaul. Ludowa 122 18-200 18-200 Wysokie Mazow PLzbycul@mlekovita.com.plImporter:SPÓŁDZIELNIA MLECZARSKA MLEKOVITAUL.LUDOWA 122 18-200 WYSOKIE MAZOWIECKIE PLbok@mlekovita.com.plNazwa wymagana prawnie:Ser Cheddar, dojrzewający plastry"}], "images": ["data/images/ea601ac78e0c779aedd5ee99140090c8.jpg"], "absolute_path": "Nabiał/Sery/Sery żółte/Produkt 10"}
{"name": "Produkt 3", "url": "https://zakupy.biedronka.pl/pr%C3%A9sident-pr%C3%A9sident-camembert-naturalny-120g-0000004367.html", "title": "Président Camembert Naturalny 120g", "brand": "Président", "price": "6.99 PLN", "packaging_details": "0.12kg- 58,25 zł / kg", "description_sections": [{"header": "Opis produktu", "content": "Ser pleśniowy dojrzewający z powierzchniowym porostem białej pleśni. Ten wyśmienity ser wyprodukowano w oparciu o recepturę oryginalnego francuskiego camemberta."}, {"header": "Składniki i alergeny", "content": "Składniki:Mleko, sól, stabilizator: chlorek wapnia, podpuszczka mikrobiologiczna, bakterie fermentacji mlekowej, Penicillium candidum. Produkt może zawieraćorzechy.Alergeny:Mleko i produkty pochodne (łącznie z laktozą), \n\nOrzechyInne informacje o zawartości produktu:Zawiera surowce GMO:Nie"}, {"header": "Wartość odżywcza", "content": "W 100 gWartość energetyczna kcal357 kcalZawartość tłuszczów (ogólnie)32 gKwasy tłuszczowe nasycone20 gZawartość węglowodanów0.5 gCukry0.5 gZawartość białek17 gZawartość soli1.7 g"}, {"header": "Pozostałe informacje", "content": "Kraj pochodzenia:PolskaKraj pochodzenia zależy od konkretnej partii produktu jaka znajduje się w sklepie. Informację o kraju pochodzenia znajdziesz na opakowaniu. Możesz również dodać komentarz z preferowanym typem produktu w koszyku lub wiadomości dla shoppera (np. “prosze o pomidory polskie”).Producent:Wyprodukowano na zlecenie:\nLactalis Polska Sp. z o.o.,\nul. Olkuska 7,\n02-604 Warszawa\nOpinie na temat produktu prosimy kierować na adres: jakosc@lactalis.pl\nwww.serypresident.plImporter:Lactalis Polska sp z o.o.Olkuska 7 02-604 Warszawa PLjakosc@pl.lactalis.comNazwa wymagana prawnie:President Camembert pełnotłusty"}], "images": ["data/images/38a488b40e6cd621496d75d091a2d3f4.jpg"], "absolute_path": "Nabiał/Sery/Sery pleśniowe/Produkt 3"}
{"name": "Produkt 1", "url": "https://zakupy.biedronka.pl/pr%C3%A9sident-pr%C3%A9sident-camembert-aromatyczny-120-g-0000004368.html", "title": "Président Camembert Aromatyczny 120 g", "brand": "Président", "price": "6.99 PLN", "packaging_details": "0.12kg- 58,25 zł / kg", "description_sections": [{"header": "Opis produktu", "content": "Ser pleśniowy dojrzewający z powierzchniowym porostem białej pleśni."}, {"header": "Składniki i alergeny", "content": "Składniki:Mleko pasteryzowane, sól, stabilizator: chlorek wapnia, podpuszczka mikrobiologiczna, bakterie fermentacji mlekowej, Penicillium candidum, Geotrichum candidum. Produkt może zawieraćorzechy.Alergeny:Mleko i produkty pochodne (łącznie z laktozą), \n\nOrzechyInne informacje o zawartości produktu:Zawiera surowce GMO:Nie"}, {"header": "Wartość odżywcza", "content": "W 100 gWartość energetyczna kcal353 kcalZawartość tłuszczów (ogólnie)32 gKwasy tłuszczowe nasycone19.1 gZawartość węglowodanów0.2 gCukry0.2 gZawartość białek16 gZawartość soli1.7 g"}, {"header": "Pozostałe informacje", "content": "Kraj pochodzenia:PolskaKraj pochodzenia zależy od konkretnej partii produktu jaka znajduje się w sklepie. Informację o kraju pochodzenia znajdziesz na opakowaniu. Możesz również dodać komentarz z preferowanym typem produktu w koszyku lub wiadomości dla shoppera (np. “prosze o pomidory polskie”).Producent:Wyprodukowano na zlecenie:\nLactalis Polska Sp. z o.o.\nul. Olkuska 7\n02-604 WarszawaDystrybutor:Lactalis Polska sp z o.o.Olkuska 7 02-604 WarszawaNazwa wymagana prawnie:PRESIDENT CAMEMBERT AROMATYCZNY 120 G"}], "images": ["data/images/eebc0826c243286b83925764fc82d5e4.jpg"], "absolute_path": "Nabiał/Sery/Sery pleśniowe/Produkt 1"}
{"name": "Produkt 6", "url": "https://zakupy.biedronka.pl/delikate-delikate-kremowy-bawarski-ser-lagodny-150-g-0000005190.html", "title": "Delikate Kremowy bawarski ser łagodny 150 g", "brand": "Delikate", "price": "7.99 PLN", "packaging_details": "0.15kg- 53,27 zł / kg", "description_sections": [{"header": "Opis produktu", "content": "Nutriscore:D"}, {"header": "Składniki i alergeny", "content": "Składniki:mleko, sól, kultury bakterii mlekowych, podpuszczka mikrobiologiczna, stabilizator: chlorek wapnia, pleśń z gatunku: Penicillium candidum.Alergeny:Mleko i produkty pochodne (łącznie z laktozą)Inne informacje o zawartości produktu:Zawiera surowce GMO:Nie, \n\nPoziom znakowania Nutriscore:D"}, {"header": "Wartość odżywcza", "content": "W 100 gWartość energetyczna kcal442 kcalZawartość tłuszczów (ogólnie)43 gKwasy tłuszczowe nasycone29 gZawartość węglowodanów0.1 gCukry0.1 gZawartość białek13.7 gZawartość soli1.6 g"}, {"header": "Pozostałe informacje", "content": "Kraj pochodzenia:NiemcyKraj pochodzenia zależy od konkretnej partii produktu jaka znajduje się w sklepie. Informację o kraju pochodzenia znajdziesz na opakowaniu. Możesz również dodać komentarz z preferowanym typem produktu w koszyku lub wiadomości dla shoppera (np. “prosze o pomidory polskie”).Producent:Jeronimo Martins Polska S.A.Dystrybutor:Jeronimo Martins Polska S.A.Żniwna 5 62-025 KostrzynImporter:Jeronimo Martins Polska S.A.Żniwna 5 62-025 Kostrzyn PLNazwa wymagana prawnie:Ser bawarski. Miękki kremowy ser dojrzewający z porostem białej pleśni"}], "images": ["data/images/5e03540a2f55ece16fc8665eae7cdce6.jpg", "data/images/2eb54291de011e8ff2dd2ededebff8ef.jpg"], "absolute_path": "Nabiał/Sery/Sery pleśniowe/Produkt 6"}
{"name": "Produkt 8", "url": "https://zakupy.biedronka.pl/delikate-delikate-kremowy-bawarski-ser-z-zielonym-pieprzem-150-g-0000005189.html", "title": "Delikate Kremowy bawarski ser z zielonym pieprzem 150 g", "brand": "Delikate", "price": "7.99 PLN", "packaging_details": "0.15kg- 53,27 zł / kg", "description_sections": [{"header": "Opis produktu", "content": "Nutriscore:D"}, {"header": "Składniki i alergeny", "content": "Składniki:mleko, zielony pieprz (2%), sól, kultury bakterii mlekowych, podpuszczka mikrobiologiczna, stabilizator: chlorek wapnia, pleśń z gatunku: Penicillium candidum.Alergeny:Mleko i produkty pochodne (łącznie z laktozą)Inne informacje o zawartości produktu:Zawiera surowce GMO:Nie, \n\nPoziom znakowania Nutriscore:D"}, {"header": "Wartość odżywcza", "content": "W 100 gWartość energetyczna kcal442 kcalZawartość tłuszczów (ogólnie)43 gKwasy tłuszczowe nasycone29 gZawartość węglowodanów0.1 gCukry0.1 gZawartość białek13.7 gZawartość soli1.6 g"}, {"header": "Pozostałe informacje", "content": "Kraj pochodzenia:NiemcyKraj pochodzenia zależy od konkretnej partii produktu jaka znajduje się w sklepie. Informację o kraju pochodzenia znajdziesz na opakowaniu. Możesz również dodać komentarz z preferowanym typem produktu w koszyku lub wiadomości dla shoppera (np. “prosze o pomidory polskie”).Producent:Jeronimo Martins Polska S.A.Dystrybutor:Jeronimo Martins Polska S.A.Żniwna 5 62-025 KostrzynImporter:Jeronimo Martins Polska S.A.Żniwna 5 62-025 Kostrzyn PLNazwa wymagana prawnie:Ser bawarski z zielonym pieprzem. Miękki ser dojrzewający z porostem białej pleśni z dodatkiem zielonego pieprzu"}], "images": ["data/images/ded671c41bb9cf613736a6e0fe8a5ebd.jpg", "data/images/cef4b659dc32815541fb55425af74db2.jpg"], "absolute_path": "Nabiał/Sery/Sery pleśniowe/Produkt 8"}
{"name": "Produkt 7", "url": "https://zakupy.biedronka.pl/delikate-delikate-kremowy-bawarski-ser-blue-150-g-0000005188.html", "title": "Delikate Kremowy bawarski ser blue 150 g", "brand": "Delikate", "price": "7.99 PLN", "packaging_details": "0.15kg- 53,27 zł / kg", "description_sections": [{"header": "Opis produktu", "content": "Nutriscore:D"}, {"header": "Składniki i alergeny", "content": "Składniki:mleko, sól, kultury bakterii mlekowych, podpuszczka mikrobiologiczna, stabilizator: chlorek wapnia, pleśń z gatunku: Penicillium roqueforti i Penicillium candidum.Alergeny:Mleko i produkty pochodne (łącznie z laktozą)Inne informacje o zawartości produktu:Zawiera surowce GMO:Nie, \n\nPoziom znakowania Nutriscore:D"}, {"header": "Wartość odżywcza", "content": "W 100 gWartość energetyczna kcal442 kcalZawartość tłuszczów (ogólnie)43 gKwasy tłuszczowe nasycone29 gZawartość węglowodanów0.1 gCukry0.1 gZawartość białek13.7 gZawartość soli1.6 g"}, {"header": "Pozostałe informacje", "content": "Kraj pochodzenia:NiemcyKraj pochodzenia zależy od konkretnej partii produktu jaka znajduje się w sklepie. Informację o kraju pochodzenia znajdziesz na opakowaniu. Możesz również dodać komentarz z preferowanym typem produktu w koszyku lub wiadomości dla shoppera (np. “prosze o pomidory polskie”).Producent:Jeronimo Martins Polska S.A.Dystrybutor:Jeronimo Martins Polska S.A.Żniwna 5 62-025 KostrzynImporter:Jeronimo Martins Polska S.A.Żniwna 5 62-025 Kostrzyn PLNazwa wymagana prawnie:Ser bawarski blue. Miękki ser dojrzewający z porostem białej pleśni i przerostem niebieskiej pleśni"}], "images": ["data/images/34e0c0958c4740f4034c0b19a39f5d1c.jpg", "data/images/30d7cc2e640b9d41c95b33a881b1824c.jpg"], "absolute_path": "Nabiał/Sery/Sery pleśniowe/Produkt 7"}
{"name": "Produkt 5", "url": "https://zakupy.biedronka.pl/turek-turek-camembert-naturalny-120-g-0000004975.html", "title": "Turek Camembert naturalny 120 g", "brand": "Turek", "price": "7.29 PLN", "packaging_details": "0.12kg- 60,75 zł / kg", "description_sections": [{"header": "Opis produktu", "content": "Naturalne składniki"}, {"header": "Składniki i alergeny", "content": "Składniki:mlekopasteryzowane,sól,kultury mleczarskie,podpuszczka mikrobiologiczna,pleśń gatunku Penicillium candidum i Geotrichum candidumAlergeny:Zawiera Mleko"}, {"header": "Wartość odżywcza", "content": "W 100 gWartość energetyczna356 kcalTłuszcz31 gw tym kwasy tłuszczowe nasycone22 gWęglowodany1.3 gw tym cukry0.5 gBiałko18 gSól1.7 g"}, {"header": "Pozostałe informacje", "content": "Producent:Mleczarnia „Turek\" Sp. z o.o.\nul. W. Milewskiego 11\n62-700 Turek\ntel. (63) 289 71 00Nazwa wymagana prawnie:Ser pleśniowy camembert naturalny."}], "images": ["data/images/99b2f93158d50ee8bb1a3b3dbc66f94c.jpg", "data/images/d1937982aa32db654a95a1c6a4c46682.jpg"], "absolute_path": "Nabiał/Sery/Sery pleśniowe/Produkt 5"}
{"name": "Produkt 4", "url": "https://zakupy.biedronka.pl/pr%C3%A9sident-pr%C3%A9sident-camembert-naturalny-170-g-0000003473.html", "title": "Président Camembert Naturalny 170 g", "brand": "Président", "price": "9.99 PLN", "packaging_details": "0.17kg- 58,76 zł / kg", "description_sections": [{"header": "Opis produktu", "content": "Sery pleśniowe Camembert Président charakteryzują się aksamitną skórką, kremowym rozpływającym się w ustach wnętrzem oraz delikatnym smakiem - to przyjemność, której trudno się oprzeć."}, {"header": "Składniki i alergeny", "content": "Składniki:Mleko pasteryzowane, sól, stabilizator: chlorek wapnia, podpuszczka mikrobiologiczna, bakterie fermentacji mlekowej, Penicillium candidum. Produkt może zawieraćorzechy.Alergeny:Mleko i produkty pochodne (łącznie z laktozą)Inne informacje o zawartości produktu:Zawiera surowce GMO:Nie"}, {"header": "Wartość odżywcza", "content": "W 100 gWartość energetyczna kcal357 kcalZawartość tłuszczów (ogólnie)32 gKwasy tłuszczowe nasycone20.4 gZawartość węglowodanów0.2 gCukry0.2 gZawartość białek17 gZawartość soli1.7 g"}, {"header": "Pozostałe informacje", "content": "Kraj pochodzenia:PolskaKraj pochodzenia zależy od konkretnej partii produktu jaka znajduje się w sklepie. Informację o kraju pochodzenia znajdziesz na opakowaniu. Możesz również dodać komentarz z preferowanym typem produktu w koszyku lub wiadomości dla shoppera (np. “prosze o pomidory polskie”).Producent:Wyprodukowano na zlecenie:\nLactalis Polska Sp. z o.o.,\nul. Olkuska 7,\n02-604 Warszawa\nwww.serypresident.pl\nOpinie na temat produktu prosimy kierować na adres: jakosc@lactalis.plDystrybutor:Lactalis Polska sp z o.o.Olkuska 7 02-604 WarszawaNazwa wymagana prawnie:Ser Camembert pełnotłusty"}], "images": ["data/images/63b840bc997f246eaf4e7af73c1a4fd9.jpg"], "absolute_path": "Nabiał/Sery/Sery pleśniowe/Produkt 4"}
{"name": "Produkt 9", "url": "https://zakupy.biedronka.pl/pr%C3%A9sident-pr%C3%A9sident-ser-camembert-lekki-z-bazylia-170-g-0000003476.html", "title": "Président Ser camembert lekki z bazylią 170 g", "brand": "Président", "price": "9.99 PLN", "packaging_details": "0.17kg- 58,76 zł / kg", "description_sections": [{"header": "Opis produktu", "content": "Obniżona zawartość tłuszczu w stosunku do sera Camembert."}, {"header": "Składniki i alergeny", "content": "Składniki:mlekopasteryzowane,sól,bazylia (1 %),stabilizator: chlorek wapnia,podpuszczka mikrobiologiczna,bakterie fermentacji mlekowej,Penicillium candidum,Zawartość tłuszczu 12 %Alergeny:Zawiera Mleko, \n\nMoże zawierać Orzechy"}, {"header": "Wartość odżywcza", "content": "W 100 gWartość energetyczna197 kcalTłuszcz12 gw tym kwasy tłuszczowe nasycone8.2 gWęglowodany0.5 gw tym cukry0.5 gBiałko22 gSól1.7 g"}, {"header": "Pozostałe informacje", "content": "Kraj pochodzenia:PolskaKraj pochodzenia zależy od konkretnej partii produktu jaka znajduje się w sklepie. Informację o kraju pochodzenia znajdziesz na opakowaniu. Możesz również dodać komentarz z preferowanym typem produktu w koszyku lub wiadomości dla shoppera (np. “prosze o pomidory polskie”).Producent:Wyprodukowano na zlecenie:\nLactalis Polska Sp. z o.o.\nul. Olkuska 7,\n02-604 Warszawa\nwww.serypresident.pl\nOpinie na temat produktu prosimy kierować na adres: jakosc@lactalis.plDystrybutor:Wyprodukowano na zlecenieLactalis Polska Sp. z o.o. ul. Ol kuska 7Nazwa wymagana prawnie:Ser camembert lekki z bazylią."}], "images": ["data/images/a83f4652289d157bfd808f71414c5f26.jpg"], "absolute_path": "Nabiał/Sery/Sery pleśniowe/Produkt 9"}
{"name": "Produkt 12", "url": "https://zakupy.biedronka.pl/pr%C3%A9sident-pr%C3%A9sident-ser-camembert-lekki-z-orzechem-170-g-0000021510.html", "title": "Président Ser camembert lekki z orzechem 170 g", "brand": "Président", "price": "9.99 PLN", "packaging_details": "0.17kg- 58,76 zł / kg", "description_sections": [{"header": "Opis produktu", "content": "Lekki* z orzechem*Obniżona zawartość tłuszczu w stosunku do sera Camembert."}, {"header": "Składniki i alergeny", "content": "Składniki:mlekopasteryzowane,sól,orzechwłoski2 %,stabilizator: chlorek wapnia,podpuszczka mikrobiologiczna,bakterie fermentacji mlekowej,Penicillium candidumAlergeny:Może zawierać Migdały, \n\nMoże zawierać Orzechy brazylijskie, \n\nMoże zawierać Orzechy nerkowca, \n\nMoże zawierać Orzechy laskowe, \n\nMoże zawierać Orzechy makadamia / Orzechy Queensland, \n\nZawiera Mleko, \n\nMoże zawierać Orzechy, \n\nMoże zawierać Orzeszki pekan, \n\nMoże zawierać Pistacje/orzechy pistacjowe, \n\nZawiera Orzechy włoskie"}, {"header": "Wartość odżywcza", "content": "W 100 gWartość energetyczna202 kcalTłuszcz13 gw tym kwasy tłuszczowe nasycone8.3 gWęglowodany0.5 gw tym cukry0.5 gBiałko21 gSól1.7 g"}, {"header": "Pozostałe informacje", "content": "Kraj pochodzenia:PolskaKraj pochodzenia zależy od konkretnej partii produktu jaka znajduje się w sklepie. Informację o kraju pochodzenia znajdziesz na opakowaniu. Możesz również dodać komentarz z preferowanym typem produktu w koszyku lub wiadomości dla shoppera (np. “prosze o pomidory polskie”).Nazwa wymagana prawnie:Ser camembert z orzechami włoskimi, lekki*.*Obniżona zawartość tłuszczu w stosunku do sera Camembert."}], "images": ["data/images/cd954c0d689f1f4c6b2ef1205e7601ac.jpg"], "absolute_path": "Nabiał/Sery/Sery pleśniowe/Produkt 12"}
{"name": "Produkt 1", "url": "https://zakupy.biedronka.pl/piatnica-piatnica-serek-wiejski-naturalny-200-g-0000003518.html", "title": "Piątnica Serek wiejski naturalny 200 g", "brand": "Piątnica", "price": "2.99 PLN", "packaging_details": "0.2kg- 14,95 zł / kg", "description_sections": [{"header": "Opis produktu", "content": "Serek Wiejski typu cottage cheese – wprowadzony przez OSM Piątnica na rynek polski w 1992 roku − jest znany i ceniony w całym kraju za najwyższą jakość i wysokie walory smakowe. Serek Wiejski to delikatne ziarenka twarożku zanurzone w słodkiej śmietance. Naturalny skład i brak konserwantów sprawia, że jest bardzo wrażliwy na warunki przechowywania. Serek dostępny jest w kubeczkach 200 g oraz w wersji rodzinnej 500 g. Od ponad 20 lat Piątnica jest niekwestionowanym liderem w tej kategorii produktowej z dominującym udziałem w rynku."}, {"header": "Składniki i alergeny", "content": "Składniki:twaróg ziarnisty, śmietanka, sólAlergeny:Mleko i produkty pochodne (łącznie z laktozą)Inne informacje o zawartości produktu:Zawiera surowce GMO:Nie"}, {"header": "Wartość odżywcza", "content": "W 100 gWartość energetyczna kcal97 kcalZawartość tłuszczów (ogólnie)5 gKwasy tłuszczowe nasycone3.5 gZawartość węglowodanów2 gCukry1.5 gZawartość białek11 gZawartość soli0.7 g"}, {"header": "Pozostałe informacje", "content": "Kraj pochodzenia:PolskaKraj pochodzenia zależy od konkretnej partii produktu jaka znajduje się w sklepie. Informację o kraju pochodzenia znajdziesz na opakowaniu. Możesz również dodać komentarz z preferowanym typem produktu w koszyku lub wiadomości dla shoppera (np. “prosze o pomidory polskie”).Producent:Okręgowa Spółdzielnia Mleczarska w Piątnicy\n18-421 Piątnica\nul. Forteczna 3\ntel. 86 215 64 00\nwww.piatnica.com.plDystrybutor:Okręgowa Spółdzielnia Mleczarska w PiątnicyForteczna 3 18-421 Piątnicarecepcja@piatnica.com.plImporter:Okręgowa Spółdzielnia Mleczarska w PiątnicyForteczna 3 18-421 Piątnica PLrecepcja@piatnica.com.plNazwa wymagana prawnie:Serek wiejski naturalny"}], "images": ["data/images/3f55d574024894aa52d471f280d6a9da.jpg"], "absolute_path": "Nabiał/Sery/Sery białe/Produkt 1"}
{"name": "Produkt 10", "url": "https://zakupy.biedronka.pl/pr%C3%A9sident-pr%C3%A9sident-ser-camembert-lekki-170-g-0000003475.html", "title": "Président Ser camembert lekki 170 g", "brand": "Président", "price": "9.99 PLN", "packaging_details": "0.17kg- 58,76 zł / kg", "description_sections": [{"header": "Opis produktu", "content": "Obniżona zawartość tłuszczu w stosunku do sera Camembert."}, {"header": "Składniki i alergeny", "content": "Składniki:mlekopasteryzowane,sól,stabilizator: chlorek wapnia,podpuszczka mikrobiologiczna,bakterie fermentacji mlekowej,Penicillium candidum,Zawartość tłuszczu 12 %Alergeny:Zawiera Mleko, \n\nMoże zawierać Orzechy"}, {"header": "Wartość odżywcza", "content": "W 100 gWartość energetyczna197 kcalTłuszcz12 gw tym kwasy tłuszczowe nasycone8.2 gWęglowodany0.5 gw tym cukry0.5 gBiałko22 gSól1.7 g"}, {"header": "Pozostałe informacje", "content": "Kraj pochodzenia:PolskaKraj pochodzenia zależy od konkretnej partii produktu jaka znajduje się w sklepie. Informację o kraju pochodzenia znajdziesz na opakowaniu. Możesz również dodać komentarz z preferowanym typem produktu w koszyku lub wiadomości dla shoppera (np. “prosze o pomidory polskie”).Producent:Wyprodukowano na zlecenie:\nLactalis Polska Sp. z o.o.\nul. Olkuska 7,\n02-604 Warszawa\nwww.serypresident.pl\nOpinie na temat produktu prosimy kierować na adres: jakosc@lactalis.plDystrybutor:Wyprodukowano na zlecenieLactalis Polska Sp. z o.o. ul. Ol kuska 7Nazwa wymagana prawnie:Ser Camembert lekki."}], "images": ["data/images/24cc3c3a3c094ff38ccf4e45ffafff4e.jpg"], "absolute_path": "Nabiał/Sery/Sery pleśniowe/Produkt 10"}
{"name": "Produkt 11", "url": "https://zakupy.biedronka.pl/delikate-delikate-kremowy-bawarski-ser-caractere-150-g-0000005187.html", "title": "Delikate Kremowy bawarski ser Caractere 150 g", "brand": "Delikate", "price": "7.99 PLN", "packaging_details": "0.15kg- 53,27 zł / kg", "description_sections": [{"header": "Opis produktu", "content": "Nutriscore:D"}, {"header": "Składniki i alergeny", "content": "Składniki:mleko, sól, kultury bakterii mlekowych, podpuszczka mikrobiologiczna, stabilizator: chlorek wapnia, pleśń z gatunku: Penicillium candidum, barwnik: ekstrakt z papryki, czerwone kultury bakterii (Brevibacterium linens).Alergeny:Mleko i produkty pochodne (łącznie z laktozą)Inne informacje o zawartości produktu:Zawiera surowce GMO:Nie, \n\nZawiera barwniki:Tak, \n\nPoziom znakowania Nutriscore:D"}, {"header": "Wartość odżywcza", "content": "W 100 gWartość energetyczna kcal442 kcalZawartość tłuszczów (ogólnie)43 gKwasy tłuszczowe nasycone29 gZawartość węglowodanów0.1 gCukry0.1 gZawartość białek13.7 gZawartość soli1.6 g"}, {"header": "Pozostałe informacje", "content": "Kraj pochodzenia:NiemcyKraj pochodzenia zależy od konkretnej partii produktu jaka znajduje się w sklepie. Informację o kraju pochodzenia znajdziesz na opakowaniu. Możesz również dodać komentarz z preferowanym typem produktu w koszyku lub wiadomości dla shoppera (np. “prosze o pomidory polskie”).Producent:Jeronimo Martins Polska S.A.Dystrybutor:Jeronimo Martins Polska S.A.Żniwna 5 62-025 KostrzynJeronimo Martins Polska S.A.Żniwna 5 62-025 Kostrzyn PLImporter:Jeronimo Martins Polska S.A.Żniwna 5 62-025 Kostrzyn PLbok@biedronka.plNazwa wymagana prawnie:Ser bawarski Caractere. Miękki ser dojrzewający z porostem białej pleśni i czerwonymi kulturami bakterii"}], "images": ["data/images/0b0b24bf67ff03184d8b281fc19ed8b2.jpg", "data/images/2f98da03dd7304247c942b6f282d5d8c.jpg"], "absolute_path": "Nabiał/Sery/Sery pleśniowe/Produkt 11"}
{"name": "Produkt 3", "url": "https://zakupy.biedronka.pl/almette-almette-puszysty-serek-twarogowy-jogurtowy-150-g-0000004506.html", "title": "Almette Puszysty serek twarogowy jogurtowy 150 g", "brand": "Almette", "price": "6.49 PLN", "packaging_details": "0.15kg- 43,27 zł / kg", "description_sections": [{"header": "Opis produktu", "content": "Almette no najpopularniejszy puszysty serek twarogowy, którego sekret tkwi w najwyższej jakości starannie dobranych składnikach oraz naturalnej świeżości. Almette zgodnie z oczekiwaniami konsumentów oferuje szeroką gamę niepowtarzalnych wariantów smakowych: dziesięć serków twarogowych z dodatkiem warzyw lub aromatycznych ziół oraz trzy puszyste owocowe serki z nowej linii Almette Fruit. Produkty Almette nie zawierają zagęstników, barwników ani konserwantów."}, {"header": "Składniki i alergeny", "content": "Składniki:sertwarogowy,jogurtnaturalny (18,5%), odtłuszczonemlekow proszku,masło, sól, naturalny aromat (zawieramleko), regulator kwasowości: kwas cytrynowy"}, {"header": "Pozostałe informacje", "content": "Kraj pochodzenia:PolskaKraj pochodzenia zależy od konkretnej partii produktu jaka znajduje się w sklepie. Informację o kraju pochodzenia znajdziesz na opakowaniu. Możesz również dodać komentarz z preferowanym typem produktu w koszyku lub wiadomości dla shoppera (np. “prosze o pomidory polskie”).Nazwa wymagana prawnie:Almette Jogurtowy. Puszysty serek twarogowy."}], "images": ["data/images/1caf2343fdb6a45bdcc34a06140a3696.jpg"], "absolute_path": "Nabiał/Sery/Sery białe/Produkt 3"}
{"name": "Produkt 5", "url": "https://zakupy.biedronka.pl/gusto-bello-gusto-bello-burrata-125-g-280-g-0000008513.html", "title": "Gusto Bello Burrata 125 g / 280 g", "brand": "Gusto Bello", "price": "7.49 PLN", "packaging_details": "0.125kg- 59,92 zł / kg", "description_sections": [{"header": "Składniki i alergeny", "content": "Składniki:Mleko pasteryzowane, śmietanka UHT (48%), sól, podpuszczka mikrobiologiczna, kultury bakterii kwasu mlekowego, regulator kwasowości: kwas mlekowy, substancja konserwująca: kwas sorbowy."}, {"header": "Pozostałe informacje", "content": "Kraj pochodzenia:WłochyKraj pochodzenia zależy od konkretnej partii produktu jaka znajduje się w sklepie. Informację o kraju pochodzenia znajdziesz na opakowaniu. Możesz również dodać komentarz z preferowanym typem produktu w koszyku lub wiadomości dla shoppera (np. “prosze o pomidory polskie”).Nazwa wymagana prawnie:Świeży ser typu mozzarella z płynnym nadzieniem ze śmietanki, z kawałkami sera typu mozzarella."}], "images": ["data/images/75c7e2de7754d8a191dc6b8195c8d145.jpg"], "absolute_path": "Nabiał/Sery/Sery białe/Produkt 5"}
{"name": "Produkt 2", "url": "https://zakupy.biedronka.pl/delikate-delikate-mozzarella-light-200-g-0000005501.html", "title": "Delikate Mozzarella light 200 g", "brand": "Delikate", "price": "3.29 PLN", "packaging_details": "0.125kg- 26,32 zł / kg", "description_sections": [{"header": "Opis produktu", "content": "Nutriscore:B"}, {"header": "Składniki i alergeny", "content": "Składniki:mleko, sól, podpuszczka mikrobiologiczna, regulator kwasowości: kwas cytrynowy.Składniki zalewy: woda, sól."}, {"header": "Pozostałe informacje", "content": "Kraj pochodzenia:NiemcyKraj pochodzenia zależy od konkretnej partii produktu jaka znajduje się w sklepie. Informację o kraju pochodzenia znajdziesz na opakowaniu. Możesz również dodać komentarz z preferowanym typem produktu w koszyku lub wiadomości dla shoppera (np. “prosze o pomidory polskie”).Dystrybutor:Jeronimo Martins Polska S.A.Żniwna 5 62-025 Kostrzyn PLImporter:Jeronimo Martins Polska S.A.Żniwna 5 62-025 Kostrzyn PLNazwa wymagana prawnie:SER MOZZARELLA, W LEKKO SŁONEJ ZALEWIE, 8,5% TŁUSZCZU. Light - min. 30% mniej tłuszczu niż w standardowej Mozzarelli."}], "images": ["data/images/7a292e3a558cbb0248061849ca2cb10f.jpg"], "absolute_path": "Nabiał/Sery/Sery białe/Produkt 2"}
{"name": "Produkt 4", "url": "https://zakupy.biedronka.pl/delikate-delikate-serek-wiejski-wysokobialkowy-200-g-0000016941.html", "title": "Delikate Serek wiejski wysokobiałkowy 200 g", "brand": "Delikate", "price": "3.99 PLN", "packaging_details": "0.2kg- 19,95 zł / kg", "description_sections": [{"header": "Opis produktu", "content": "Nutriscore:A"}, {"header": "Składniki i alergeny", "content": "Składniki:ziarnistysertwarogowy, śmietanka, białkamleka, sólAlergeny:Mleko i produkty pochodne (łącznie z laktozą)Inne informacje o zawartości produktu:Zawiera surowce GMO:Nie, \n\nPoziom znakowania Nutriscore:A"}, {"header": "Wartość odżywcza", "content": "W 100 gWartość energetyczna kcal92 kcalZawartość tłuszczów (ogólnie)3 gKwasy tłuszczowe nasycone1 gZawartość węglowodanów2.3 gCukry2.3 gZawartość błonnika0 gZawartość białek14 gZawartość soli0.64 g"}, {"header": "Przechowywanie i sposób przygotowania", "content": "Sposób przygotowania:Wymieszać przed spożyciem."}, {"header": "Pozostałe informacje", "content": "Producent:Okręgowa Spółdzielnia Mleczarska w KoleImporter:Jeronimo Martins Polska S.A.Żniwna 5 62-025 Kostrzyn PLNazwa wymagana prawnie:SEREK WIEJSKI WYSOKOBIAŁKOWY"}], "images": ["data/images/22c91add6d196283b4f218860797ce52.jpg", "data/images/b25aa07ee5e0afc3a6f2d0bd831521b9.jpg"], "absolute_path": "Nabiał/Sery/Sery białe/Produkt 4"}
{"name": "Produkt 6", "url": "https://zakupy.biedronka.pl/swiatowid-swiatowid-ser-kozi-plastry-160-g-0000003037.html", "title": "Światowid Ser kozi plastry 160 g", "brand": "Światowid", "price": "10.65 PLN", "packaging_details": "0.16kg- 66,56 zł / kg", "description_sections": [{"header": "Opis produktu", "content": "SER KOZI. Hollandse geitenkaas ChOG (Chronione Oznaczenie Geograficzne) - holenderski ser kozi, półtwardy, podpuszczkowy, w plastrach. Pakowano w atmosferze ochronnej"}, {"header": "Składniki i alergeny", "content": "Składniki:pasteryzowanemlekokozie, sól, kultury bakterii kwasu mlekowego, podpuszczka mikrobiologiczna.Alergeny:Mleko i produkty pochodne (łącznie z laktozą)Inne informacje o zawartości produktu:Zawiera surowce GMO:Nie"}, {"header": "Wartość odżywcza", "content": "W 100 gWartość energetyczna kcal364 kcalZawartość tłuszczów (ogólnie)30.9 gKwasy tłuszczowe nasycone21 gZawartość węglowodanów0 gCukry0 gZawartość białek21.5 gZawartość soli1.8 g"}, {"header": "Pozostałe informacje", "content": "Kraj pochodzenia:HolandiaKraj pochodzenia zależy od konkretnej partii produktu jaka znajduje się w sklepie. Informację o kraju pochodzenia znajdziesz na opakowaniu. Możesz również dodać komentarz z preferowanym typem produktu w koszyku lub wiadomości dla shoppera (np. “prosze o pomidory polskie”).Producent:Euroser Dairy Group Sp. z o. o. -  Sp. k.Dystrybutor:Euroser Dairy GroupUL. GEOLOGICZNA 20 02-246 WARSZAWAbiuro@euroser.plImporter:Euroser Dairy GroupUL. GEOLOGICZNA 20 02-246 WARSZAWA PLbiuro@euroser.plNazwa wymagana prawnie:SER KOZI. Hollandse geitenkaas ChOG (Chronione Oznaczenie Geograficzne) - holenderski ser kozi, półtwardy, podpuszczkowy, w plastrach."}], "images": ["data/images/a0afb1759abd2e4535455886b37d3524.jpg"], "absolute_path": "Nabiał/Sery/Sery białe/Produkt 6"}
{"name": "Produkt 1", "url": "https://zakupy.biedronka.pl/galbani-galbani-ser-mozzarella-100-g-0000005040.html", "title": "Galbani Ser mozzarella 100 g", "brand": "Galbani", "price": "4.39 PLN", "packaging_details": "0.1kg- 43,90 zł / kg", "description_sections": [{"header": "Opis produktu", "content": "Odpowiedni dla wegetarian."}, {"header": "Składniki i alergeny", "content": "Składniki:mlekopasteryzowane,sól,regulator kwasowości: kwas cytrynowy,podpuszczka,Składniki zalewy: woda, sólAlergeny:Zawiera Mleko"}, {"header": "Wartość odżywcza", "content": "W 100 gWartość energetyczna238 kcalTłuszcz18 gw tym kwasy tłuszczowe nasycone13 gWęglowodany2 gw tym cukry1 gBiałko17 gSól0.7 g"}, {"header": "Pozostałe informacje", "content": "Kraj pochodzenia:CzechyKraj pochodzenia zależy od konkretnej partii produktu jaka znajduje się w sklepie. Informację o kraju pochodzenia znajdziesz na opakowaniu. Możesz również dodać komentarz z preferowanym typem produktu w koszyku lub wiadomości dla shoppera (np. “prosze o pomidory polskie”).Producent:Mlékárna Klatovy a.s.,\nZa Tratí 640, \n339 01 KlatovyDystrybutor:Lactalis Polska Sp. z o.o.ul. Olkuska 7 02-604 Warszawajakosc@lactalis.plNazwa wymagana prawnie:Ser mozzarella niedojrzewający w zalewie."}], "images": ["data/images/6c820b439bc863b2d7962ebfe662b34c.jpg"], "absolute_path": "Nabiał/Sery/Inne sery/Produkt 1"}
{"name": "Produkt 1", "url": "https://zakupy.biedronka.pl/pr%C3%A9sident-pr%C3%A9sident-twarog-sernikowy-1-kg-0000010435.html", "title": "Président Twaróg sernikowy 1 kg", "brand": "Président", "price": "17.79 PLN", "packaging_details": "1kg- 17,79 zł / kg", "description_sections": [{"header": "Opis produktu", "content": "twaróg wyśmienity na sernik, naleśniki i do innych zastosowań kulinarnych"}, {"header": "Składniki i alergeny", "content": "Składniki:mleko, śmietanka,mlekow proszku, kultury mleczarskieAlergeny:Mleko i produkty pochodne (łącznie z laktozą)Inne informacje o zawartości produktu:Zawiera surowce GMO:Nie"}, {"header": "Wartość odżywcza", "content": "W 100 gWartość energetyczna kcal92 kcalZawartość tłuszczów (ogólnie)4 gKwasy tłuszczowe nasycone2.8 gZawartość węglowodanów4.2 gCukry3.9 gZawartość białek9.7 gZawartość soli0.1 g"}, {"header": "Pozostałe informacje", "content": "Kraj pochodzenia:PolskaKraj pochodzenia zależy od konkretnej partii produktu jaka znajduje się w sklepie. Informację o kraju pochodzenia znajdziesz na opakowaniu. Możesz również dodać komentarz z preferowanym typem produktu w koszyku lub wiadomości dla shoppera (np. “prosze o pomidory polskie”).Producent:Wyprodukowano na zlecenie\nLactalis Polska Sp. z o.o.\nul. Olkuska 7, \n02-604 Warszawa\nOpinie na temat produktu prosimy kierować na adres: jakosc@lactalis.plImporter:Lactalis Polska sp z o.o.Olkuska 7 02-604 Warszawa PLjakosc@pl.lactalis.comNazwa wymagana prawnie:TWARÓG SERNIKOWY PRESIDENT 1KG WIADERKO"}], "images": ["data/images/0371db02c2abcf17aa2fae3985799e88.jpg"], "absolute_path": "Nabiał/Sery/Twarogi/Produkt 1"}
{"name": "Produkt 2", "url": "https://zakupy.biedronka.pl/elios-elios-ser-halloumi-225-g-0000005193.html", "title": "Elios Ser halloumi 225 g", "brand": "Elios", "price": "11.79 PLN", "packaging_details": "0.225kg- 52,40 zł / kg", "description_sections": [{"header": "Składniki i alergeny", "content": "Składniki:mlekokrowie,mlekoowcze,mlekokozie, sól morska, podpuszczka mikrobiologiczna, mięta suszonaAlergeny:Mleko i produkty pochodne (łącznie z laktozą)Inne informacje o zawartości produktu:Zawiera surowce GMO:Nie"}, {"header": "Wartość odżywcza", "content": "W 100 gWartość energetyczna kcal302 kcalZawartość tłuszczów (ogólnie)24 gKwasy tłuszczowe nasycone16 gZawartość węglowodanów1.4 gCukry1.4 gZawartość błonnika0 gZawartość białek20 gZawartość soli2.5 g"}, {"header": "Pozostałe informacje", "content": "Kraj pochodzenia:CyprKraj pochodzenia zależy od konkretnej partii produktu jaka znajduje się w sklepie. Informację o kraju pochodzenia znajdziesz na opakowaniu. Możesz również dodać komentarz z preferowanym typem produktu w koszyku lub wiadomości dla shoppera (np. “prosze o pomidory polskie”).Producent:Jeronimo Martins Polska S.A.Dystrybutor:Jeronimo Martins Polska S.A.Żniwna 5 62-025 KostrzynImporter:Jeronimo Martins Polska S.A.Żniwna 5 62-025 Kostrzyn PLNazwa wymagana prawnie:Ser podpuszczkowy z pasteryzowanego mleka krowiego, owczego i koziego"}], "images": ["data/images/75b0d1b618c8875117efe9acd9714849.jpg", "data/images/a195ca76fc0e2a0ff1110d434e39df98.jpg", "data/images/5f2115ed0810281a070b5cebff33b8af.jpg"], "absolute_path": "Nabiał/Sery/Inne sery/Produkt 2"}
{"name": "Produkt 4", "url": "https://zakupy.biedronka.pl/elios-elios-ser-feta-150-g-0000004820.html", "title": "Elios Ser Feta 150 g", "brand": "Elios", "price": "8.39 PLN", "packaging_details": "0.15kg- 55,93 zł / kg", "description_sections": [{"header": "Składniki i alergeny", "content": "Składniki:mleko(owcze min. 70%, kozie max. 30%), sól, kultury bakterii kwasu mlekowego, podpuszczka mikrobiologiczna.Alergeny:Mleko i produkty pochodne (łącznie z laktozą)Inne informacje o zawartości produktu:Zawiera surowce GMO:Nie"}, {"header": "Wartość odżywcza", "content": "W 100 gWartość energetyczna kcal276 kcalZawartość tłuszczów (ogólnie)23 gKwasy tłuszczowe nasycone16.1 gZawartość węglowodanów0.7 gCukry0.7 gZawartość białek16.5 gZawartość soli2.2 g"}, {"header": "Pozostałe informacje", "content": "Kraj pochodzenia:GrecjaKraj pochodzenia zależy od konkretnej partii produktu jaka znajduje się w sklepie. Informację o kraju pochodzenia znajdziesz na opakowaniu. Możesz również dodać komentarz z preferowanym typem produktu w koszyku lub wiadomości dla shoppera (np. “prosze o pomidory polskie”).Producent:Hellenic Dairies S.A.Dystrybutor:Jeronimo Martins Polska S.A.Żniwna 5 62-025 KostrzynImporter:Jeronimo Martins Polska S.A.Żniwna 5 62-025 Kostrzyn PLNazwa wymagana prawnie:Ser Feta ChNP (Chroniona Nazwa Pochodzenia)."}], "images": ["data/images/bb03a54f22f3a7ce5540603a93199a1c.jpg", "data/images/4e6b9cac47f59267f082540f4fe03c13.jpg"], "absolute_path": "Nabiał/Sery/Inne sery/Produkt 4"}
{"name": "Produkt 3", "url": "https://zakupy.biedronka.pl/gusto-bello-gusto-bello-grana-padano-wiorki-100-g-0000006996.html", "title": "Gusto Bello Grana Padano wiórki 100 g", "brand": "Gusto Bello", "price": "8.79 PLN", "packaging_details": "0.1kg- 87,90 zł / kg", "description_sections": [{"header": "Opis produktu", "content": "Tradycyjny twardy ser, w formie wiórków, idealnie podkreśli smak dań kuchni włoskiej."}, {"header": "Składniki i alergeny", "content": "Składniki:mlekoniepasteryzowane, sól, podpuszczka, substancja konserwująca: lizozym zjaja.Alergeny:Mleko i produkty pochodne (łącznie z laktozą), \n\nJaja i produkty pochodneInne informacje o zawartości produktu:Zawiera surowce GMO:Nie, \n\nZawiera substancje konserwujące:Tak"}, {"header": "Wartość odżywcza", "content": "W 100 gWartość energetyczna kcal398 kcalZawartość tłuszczów (ogólnie)29 gKwasy tłuszczowe nasycone18 gZawartość węglowodanów0 gCukry0 gZawartość białek33 gZawartość soli1.5 g"}, {"header": "Pozostałe informacje", "content": "Kraj pochodzenia:WłochyKraj pochodzenia zależy od konkretnej partii produktu jaka znajduje się w sklepie. Informację o kraju pochodzenia znajdziesz na opakowaniu. Możesz również dodać komentarz z preferowanym typem produktu w koszyku lub wiadomości dla shoppera (np. “prosze o pomidory polskie”).Producent:Jeronimo Martins Polska S.A.Dystrybutor:Jeronimo Martins Polska S.A.Żniwna 5 62-025 KostrzynImporter:Jeronimo Martins Polska S.A.Żniwna 5 62-025 Kostrzyn PLNazwa wymagana prawnie:Grana Padano Ch.N.P. Ser tarty Grana Padano twardy. Zawartość tłuszczu w suchej masie min. 32%."}], "images": ["data/images/83032157b07636fd8eae9e683990fbcb.jpg", "data/images/e45294593b342578370e5da29eefebb8.jpg"], "absolute_path": "Nabiał/Sery/Inne sery/Produkt 3"}
{"name": "Produkt 7", "url": "https://zakupy.biedronka.pl/hochland-hochland-ser-kremowy-w-plastrach-gouda-130-g-0000004363.html", "title": "Hochland Ser kremowy w plastrach gouda 130 g", "brand": "Hochland", "price": "6.49 PLN", "packaging_details": "0.13kg- 49,92 zł / kg", "description_sections": [{"header": "Składniki i alergeny", "content": "Składniki:ser50 % (w tym 16 %seraGouda),odtworzonemlekoodtłuszczone,odtłuszczonemlekow proszku,białkamleka,sole emulgujące: E452, E339,masło,sól,naturalny aromat (zawieramleko),barwnik: karotenyAlergeny:Zawiera MlekoInne informacje o zawartości produktu:Barwniki:Zawiera, \n\nSmaki / Aromaty:Zawiera, \n\nkonserwanty:Nie zawiera"}, {"header": "Wartość odżywcza", "content": "W 100 gWartość energetyczna244 kcalTłuszcz17 gw tym kwasy tłuszczowe nasycone11 gWęglowodany6.7 gw tym cukry6.7 gBiałko16 gSól2.6 gWitaminy i składniki mineralnew 100  g% RWS w 100  gWapń482 mg0%"}, {"header": "Pozostałe informacje", "content": "Producent:Hochland Polska Sp. z o.o.,\nul. Okrężna 2,\n64-530 KaźmierzDystrybutor:Hochland Polska Sp. z o.o.ul. Okrężna 2 64-530 KaźmierzNazwa wymagana prawnie:Ser kremowy topiony w plastrach z Goudą."}], "images": ["data/images/5247381355dcb035f5b5ce1737cdba33.jpg"], "absolute_path": "Nabiał/Sery/Inne sery/Produkt 7"}
{"name": "Produkt 9", "url": "https://zakupy.biedronka.pl/danmis-danmis-kozi-serek-twarogowy-termizowany-125-g--0000011212.html", "title": "Danmis Kozi serek twarogowy termizowany 125 g", "brand": "Danmis", "price": "6.29 PLN", "packaging_details": "0.125kg- 50,32 zł / kg", "description_sections": [{"header": "Opis produktu", "content": "KOZI SEREK TWAROGOWY termizowany 125g"}, {"header": "Składniki i alergeny", "content": "Składniki:twaróg kozi 98 %, białkamlekakoziego, sólAlergeny:Mleko i produkty pochodne (łącznie z laktozą)Inne informacje o zawartości produktu:Zawiera surowce GMO:Nie, \n\nOsłonka niejadalna:Nie, \n\nInformacje szczegółowe dotyczące środków słodzących:Nie, \n\nZawiera lukrecję:Nie, \n\nZawiera chininę:Nie, \n\nZawiera taurynę:Nie, \n\nZawiera przeciwutleniacze:Nie, \n\nZawiera wzmacniacze smaku:Nie, \n\nZawiera fosforany:Nie, \n\nZawiera siarczyny:Nie, \n\nZawiera barwniki:Nie, \n\nZawiera substancje konserwujące:Nie, \n\nZawiera kofeinę:Nie, \n\nŚrodki spozywcze z dodatkiem fitosteroli, estrów fitosteroli, fitostanoli lub estrów fitostanoli:Nie"}, {"header": "Wartość odżywcza", "content": "W 100 gWartość energetyczna kcal164 kcalZawartość tłuszczów (ogólnie)12 gKwasy tłuszczowe nasycone8 gZawartość węglowodanów5 gCukry3.1 gZawartość białek9 gZawartość soli0.85 g"}, {"header": "Pozostałe informacje", "content": "Kraj pochodzenia:PolskaKraj pochodzenia zależy od konkretnej partii produktu jaka znajduje się w sklepie. Informację o kraju pochodzenia znajdziesz na opakowaniu. Możesz również dodać komentarz z preferowanym typem produktu w koszyku lub wiadomości dla shoppera (np. “prosze o pomidory polskie”).Dystrybutor:\"Agro-Danmis\" Gramowscy Sp.J.Bukowiec 34 64-834 BukowiecNazwa wymagana prawnie:Kozi serek twarogowy termizowany 125g"}], "images": ["data/images/d1c3fc8b68671cb4e8e3b6c584b44b43.jpg"], "absolute_path": "Nabiał/Sery/Inne sery/Produkt 9"}
{"name": "Produkt 6", "url": "https://zakupy.biedronka.pl/swiatowid-swiatowid-serek-zakopianski-200-g-0000004100.html", "title": "Światowid Serek zakopiański 200 g", "brand": "Światowid", "price": "10.99 PLN", "packaging_details": "0.2kg- 54,95 zł / kg", "description_sections": [{"header": "Składniki i alergeny", "content": "Składniki:Mleko, sól, stabilizator: chlorek wapnia, kultury bakterii,Alergeny:Mleko i produkty pochodne (łącznie z laktozą)Inne informacje o zawartości produktu:Zawiera surowce GMO:Nie"}, {"header": "Wartość odżywcza", "content": "W 100 gWartość energetyczna kcal271 kcalZawartość tłuszczów (ogólnie)19 gKwasy tłuszczowe nasycone12 gZawartość węglowodanów0 gCukry0 gZawartość białek25 gZawartość soli2.5 g"}, {"header": "Pozostałe informacje", "content": "Producent:SM MLEKOVITADystrybutor:Jeronimo Martins Polska S.A.Żniwna 5 62-025 KostrzynImporter:Jeronimo Martins Polska S.A.Żniwna 5 62-025 Kostrzyn PLNazwa wymagana prawnie:Ser podpuszczkowy. Parzony, dojrzewający, wędzony."}], "images": ["data/images/aef04deab44fcc9ffc7a03c60b7d494b.jpg"], "absolute_path": "Nabiał/Sery/Inne sery/Produkt 6"}
{"name": "Produkt 8", "url": "https://zakupy.biedronka.pl/hochland-hochland-ser-kremowy-w-plastrach-tost-130-g-0000004362.html", "title": "Hochland Ser kremowy w plastrach tost 130 g", "brand": "Hochland", "price": "6.49 PLN", "packaging_details": "0.13kg- 49,92 zł / kg", "description_sections": [{"header": "Składniki i alergeny", "content": "Składniki:ser(48 %),odtworzonemlekoodtłuszczone,odtłuszczonemlekow proszku,masło,białkamleka,sole emulgujące: E452, E339,naturalny aromat (zawieramleko),sól,barwniki: ekstrakt z papryki, karotenyAlergeny:Zawiera MlekoInne informacje o zawartości produktu:Barwniki:Zawiera, \n\nSmaki / Aromaty:Zawiera, \n\nkonserwanty:Nie zawiera"}, {"header": "Wartość odżywcza", "content": "W 100 gWartość energetyczna243 kcalTłuszcz17 gw tym kwasy tłuszczowe nasycone12 gWęglowodany6.6 gw tym cukry6.6 gBiałko16 gSól2.5 gWitaminy i składniki mineralnew 100  g% RWS w 100  gWapń491 mg0%"}, {"header": "Pozostałe informacje", "content": "Producent:Hochland Polska Sp. z o.o.,\nul. Okrężna 2,\n64-530 KaźmierzDystrybutor:Hochland Polska Sp. z o.o.ul. Okrężna 2 64-530 KaźmierzNazwa wymagana prawnie:Ser kremowy topiony w plastrach."}], "images": ["data/images/62389826d1d21060436e2c289509fa66.jpg"], "absolute_path": "Nabiał/Sery/Inne sery/Produkt 8"}
{"name": "Produkt 5", "url": "https://zakupy.biedronka.pl/swiatowid-swiatowid-mozzarella-w-kawalku-300-g-0000005901.html", "title": "Światowid Mozzarella w kawałku 300 g", "brand": "Światowid", "price": "10.99 PLN", "packaging_details": "0.3kg- 36,63 zł / kg", "description_sections": [{"header": "Składniki i alergeny", "content": "Składniki:mleko, sól, bakterie fermentacji mlekowej, podpuszczka mikrobiologiczna.Alergeny:Mleko i produkty pochodne (łącznie z laktozą)Inne informacje o zawartości produktu:Zawiera surowce GMO:Nie, \n\nZawiera substancje konserwujące:Nie"}, {"header": "Wartość odżywcza", "content": "W 100 gWartość energetyczna kcal278 kcalZawartość tłuszczów (ogólnie)20 gKwasy tłuszczowe nasycone13.6 gZawartość węglowodanów0.5 gCukry0.5 gZawartość błonnika0 gZawartość białek24 gZawartość soli1.4 g"}, {"header": "Pozostałe informacje", "content": "Producent:Lactalis Polska Sp. z o.o.Dystrybutor:Jeronimo Martins Polska S.A.Żniwna 5 62-025 KostrzynImporter:Jeronimo Martins Polska S.A.Żniwna 5 62-025 Kostrzyn PLNazwa wymagana prawnie:Ser podpuszczkowy, niedojrzewający z masy parzonej"}], "images": ["data/images/70ceeee28f8db8c3586e7e064d873c0b.jpg", "data/images/405b7a48b376c4c27f39e029bd4aaa48.jpg", "data/images/1a0c88afc38f5882185e21470a48b232.jpg"], "absolute_path": "Nabiał/Sery/Inne sery/Produkt 5"}
{"name": "Produkt 11", "url": "https://zakupy.biedronka.pl/kortos-kortos-ser-salatkowy-typu-greckiego-ziolowy-160-g-0000010644.html", "title": "Kortos Ser sałatkowy typu greckiego ziołowy 160 g", "brand": "Kortos", "price": "6.95 PLN", "packaging_details": "0.16kg- 43,44 zł / kg", "description_sections": [{"header": "Opis produktu", "content": "Idealne kostki w Twojej pysznej sałatce?Ser sałatkowy Kortos z łatwością pokroisz już w opakowaniu - tak jak chcesz. Od Ciebie zależy czy dodasz go do sałatki, pizzy czy innych znakomitych dań.Kortos zawsze łączy wspaniały smak i wygodę przygotowania.Smacznego!Wygodnie pokrój serekPołącz z warzywami...... i delektuj się smakiem sałatki!"}, {"header": "Składniki i alergeny", "content": "Składniki:mlekopasteryzowane,regulator kwasowości E575,sól morska,zioła 0,24 % (bazylia, majeranek, oregano),podpuszczka mikrobiologiczna"}, {"header": "Pozostałe informacje", "content": "Nazwa wymagana prawnie:Ser miękki solankowy ziołowy."}], "images": ["data/images/cecc975fd41a15c399452be29ae798af.jpg"], "absolute_path": "Nabiał/Sery/Inne sery/Produkt 11"}
{"name": "Produkt 12", "url": "https://zakupy.biedronka.pl/kortos-kortos-ser-salatkowy-typu-greckiego-160-g-0000010645.html", "title": "Kortos Ser sałatkowy typu greckiego 160 g", "brand": "Kortos", "price": "6.95 PLN", "packaging_details": "0.16kg- 43,44 zł / kg", "description_sections": [{"header": "Opis produktu", "content": "Idealne kostki w Twojej pysznej sałatce?Ser sałatkowy Kortos z łatwością pokroisz już w opakowaniu - tak jak chcesz. Od Ciebie zależy czy dodasz go do sałatki, pizzy czy innych znakomitych dań.Kortos zawsze łączy wspaniały smak i wygodę przygotowania.Smacznego!Wygodnie pokrój serekPołącz z warzywami...... i delektuj się smakiem sałatki!"}, {"header": "Składniki i alergeny", "content": "Składniki:mlekopasteryzowane,regulator kwasowości E575,sól morska,podpuszczka mikrobiologicznaAlergeny:Zawiera Mleko"}, {"header": "Wartość odżywcza", "content": "W 100 gWartość energetyczna202 kcalTłuszcz16 gw tym kwasy tłuszczowe nasycone11 gWęglowodany3.5 gw tym cukry3.5 gBiałko11 gSól2.7 g"}, {"header": "Pozostałe informacje", "content": "Producent:Wyprodukowano dla:\nMleczarnia „Turek\" Sp. z o.o.\nul. W. Milewskiego 11,\n62-700 TurekImporter:Mleczarnia \"Turek\" Sp. z o.o.Milewskiego 11 62-700 Turek PLkontakt@turek.com.plNazwa wymagana prawnie:Ser miękki solankowy."}], "images": ["data/images/6bf297a4a2eebbaf7b05bfb214aaf902.jpg"], "absolute_path": "Nabiał/Sery/Inne sery/Produkt 12"}
{"name": "Produkt 1", "url": "https://zakupy.biedronka.pl/mlekovita-mlekovita-maslo-polskie-ekstra-82-tl.-200-g-0000004370.html", "title": "Mlekovita Masło Polskie ekstra 82 % tł. 200 g", "brand": "Mlekovita", "price": "9.49 PLN", "packaging_details": "0.2kg- 47,45 zł / kg", "description_sections": [{"header": "Opis produktu", "content": "MasŁo ekstra polskie to naturalne masło bez żadnych dodatków o 82% zawartości tłuszczu. Produkowane na  nowoczesnej linii do produkcji masła, w oparciu o własne instrukcje technologiczne. Długi dorobek, bogate doświadczenie w produkcji oraz zastosowana technologia pozwoliły na stworzenie oryginalnego, markowego produktu, który okazał się hitem na rynku masła w polsce. MasŁo polskie produkowane jest ze świeżej, pasteryzowanej śmietanki najwyższej jakości, pochodzącej z mleka pozyskiwanego z czystych ekologicznie terenów, co korzystnie wpływa na smakowo-zapachowe cechy masła. Zastosowana technologia pozwala uzyskać tradycyjny produkt o doskonałej smarowności oraz idealnej konsystencji. MasŁo polskie ma aromatyczny, czysty, mlekowy smak i zapach, z łagodnym i przyjemnym posmakiem pasteryzacji. Produkt przeznaczony jest nie tylko do smarowania pieczywa, ale także do duszenia, smażenia, przygotowywania kremów oraz innych celów kulinarnych, nadając im aromatyczność i doskonały smak"}, {"header": "Składniki i alergeny", "content": "Składniki:śmietanka pasteryzowanaAlergeny:Mleko i produkty pochodne (łącznie z laktozą)Inne informacje o zawartości produktu:Zawiera surowce GMO:Nie, \n\nInformacje szczegółowe dotyczące środków słodzących:Nie, \n\nZawiera lukrecję:Nie, \n\nZawiera chininę:Nie, \n\nZawiera taurynę:Nie, \n\nZawiera przeciwutleniacze:Nie, \n\nZawiera wzmacniacze smaku:Nie, \n\nZawiera fosforany:Nie, \n\nZawiera barwniki:Nie, \n\nZawiera substancje konserwujące:Nie, \n\nZawiera kofeinę:Nie, \n\nŚrodki spozywcze z dodatkiem fitosteroli, estrów fitosteroli, fitostanoli lub estrów fitostanoli:Nie"}, {"header": "Wartość odżywcza", "content": "W 100 gWartość energetyczna kcal746 kcalZawartość tłuszczów (ogólnie)82 gKwasy tłuszczowe nasycone54 gZawartość węglowodanów1 gCukry1 gZawartość białek1 gZawartość soli0.02 g"}, {"header": "Przechowywanie i sposób przygotowania", "content": "Sposób podania:do bezpośredniego spożycia"}, {"header": "Pozostałe informacje", "content": "Kraj pochodzenia:PolskaKraj pochodzenia zależy od konkretnej partii produktu jaka znajduje się w sklepie. Informację o kraju pochodzenia znajdziesz na opakowaniu. Możesz również dodać komentarz z preferowanym typem produktu w koszyku lub wiadomości dla shoppera (np. “prosze o pomidory polskie”).Producent:SM MlekovitaDystrybutor:SPÓŁDZIELNIA MLECZARSKA MLEKOVITAUL.LUDOWA 122 18-200 WYSOKIE MAZOWIECKIEbok@mlekovita.com.plImporter:SPÓŁDZIELNIA MLECZARSKA MLEKOVITAUL.LUDOWA 122 18-200 WYSOKIE MAZOWIECKIE PLbok@mlekovita.com.plNazwa wymagana prawnie:Masło ekstra 82% tłuszczu 200g"}], "images": ["data/images/88cb3f5ae4e36215701574714aaef19b.jpg"], "absolute_path": "Nabiał/Masło/Produkt 1"}
{"name": "Produkt 13", "url": "https://zakupy.biedronka.pl/hochland-hochland-ser-kremowy-w-plastrach-z-szynka-130-g-0000004360.html", "title": "Hochland Ser kremowy w plastrach z szynką 130 g", "brand": "Hochland", "price": "6.49 PLN", "packaging_details": "0.13kg- 49,92 zł / kg", "description_sections": [{"header": "Składniki i alergeny", "content": "Składniki:ser(50%),odtworzonemlekoodtłuszczone,odtłuszczonemlekow proszku,szynka 3,5 % (mięso wieprzowe, woda, skrobia ziemniaczana, sól, aromaty, suszony sok z buraka, suszony sok z owoców aceroli),sole emulgujące: E339, E452, E331,masło,białkamleka,aromat,sól wędzona,sólAlergeny:Zawiera MlekoInne informacje o zawartości produktu:Barwniki:Nie zawiera, \n\nSmaki / Aromaty:Zawiera, \n\nkonserwanty:Nie zawiera"}, {"header": "Wartość odżywcza", "content": "W 100 gWartość energetyczna242 kcalTłuszcz17 gw tym kwasy tłuszczowe nasycone11 gWęglowodany6.3 gw tym cukry6.3 gBiałko16 gSól2.6 gWitaminy i składniki mineralnew 100  g% RWS w 100  gWapń488 mg0%"}, {"header": "Pozostałe informacje", "content": "Producent:Hochland Polska Sp. z o.o.,\nul. Okrężna 2,\n64-530 KaźmierzDystrybutor:Hochland Polska Sp. z o.o.ul. Okrężna 2 64-530 KaźmierzNazwa wymagana prawnie:Ser kremowy topiony w plastrach z szynką."}], "images": ["data/images/f4639c889c539e9f855263ab547eff64.jpg"], "absolute_path": "Nabiał/Sery/Inne sery/Produkt 13"}
{"name": "Produkt 10", "url": "https://zakupy.biedronka.pl/delikate-delikate-mascarpone-ser-smietankowo-kremowy-250-g-0000000983.html", "title": "Delikate Mascarpone ser śmietankowo-kremowy 250 g", "brand": "Delikate", "price": "6.99 PLN", "packaging_details": "0.25kg- 27,96 zł / kg", "description_sections": [{"header": "Opis produktu", "content": "Nutriscore:D"}, {"header": "Składniki i alergeny", "content": "Składniki:śmietanka pasteryzowana,mlekopasteryzowane, regulator kwasowości: kwas cytrynowyAlergeny:Mleko i produkty pochodne (łącznie z laktozą)Inne informacje o zawartości produktu:Zawiera surowce GMO:Nie, \n\nPoziom znakowania Nutriscore:D"}, {"header": "Wartość odżywcza", "content": "W 100 gWartość energetyczna kcal392 kcalZawartość tłuszczów (ogólnie)40 gKwasy tłuszczowe nasycone27 gZawartość węglowodanów4.9 gCukry4.9 gZawartość błonnika0 gZawartość białek3.4 gZawartość soli0.13 g"}, {"header": "Pozostałe informacje", "content": "Producent:Okręgowa Spółdzielnia Mleczarska w ŁowiczuDystrybutor:Jeronimo Martins Polska S.A.Żniwna 5 62-025 KostrzynImporter:Okręgowa Spółdzielnia MleczarskaPrzemysłowa 3 99-400 Łowicz PLNazwa wymagana prawnie:Mascarpone Ser śmietankowo- kremowy"}], "images": ["data/images/a2fa7eae654c2654b47b93f471ec7a0b.jpg", "data/images/67673cbbd71c77c31ea04380e0ff2f17.jpg", "data/images/e2e75efec4ed35a639ca4d5b874f3d03.jpg", "data/images/58a2c464348a09fcb6e09fe464f84389.jpg"], "absolute_path": "Nabiał/Sery/Inne sery/Produkt 10"}
{"name": "Produkt 1", "url": "https://zakupy.biedronka.pl/slynne-mr-slynne-mr-roslinne-margaryna-500-g--0000004150.html", "title": "Słynne MR Roślinne Margaryna 500 g", "brand": "Słynne MR", "price": "7.99 PLN", "packaging_details": "0.5kg- 15,98 zł / kg", "description_sections": [{"header": "Opis produktu", "content": "Margaryna - zawartość tłuszczu 80%. Margaryna do smarowania pieczywa,  smażenia, pieczenia i ucierania kremów."}, {"header": "Składniki i alergeny", "content": "Składniki:oleje roślinne (słonecznikowy-24%, rzepakowy), tłuszcze roslinne (palmowy, kokosowy), woda, serwatka w proszku zmleka), emulgatory (mono- i diglicerydy kwasów tłuszczowych, lecytyna słonecznikowa, mono- i diglicerydy kwasów tłuszczowych estryfikowane kwasem cytrynowym), sól (0,15%), regulator kwasowosci (kwas cytrynowy) aromat witaminy (A,D) barwnik (karoteny)Alergeny:Mleko i produkty pochodne (łącznie z laktozą)Inne informacje o zawartości produktu:Zawiera surowce GMO:Nie, \n\nOsłonka niejadalna:Nie, \n\nInformacje szczegółowe dotyczące środków słodzących:Nie, \n\nZawiera lukrecję:Nie, \n\nZawiera chininę:Nie, \n\nZawiera taurynę:Nie, \n\nZawiera przeciwutleniacze:Nie, \n\nZawiera wzmacniacze smaku:Nie, \n\nZawiera fosforany:Nie, \n\nZawiera barwniki:Tak, \n\nZawiera substancje konserwujące:Nie, \n\nZawiera kofeinę:Nie, \n\nŚrodki spozywcze z dodatkiem fitosteroli, estrów fitosteroli, fitostanoli lub estrów fitostanoli:Nie"}, {"header": "Wartość odżywcza", "content": "W 100 gWartość energetyczna kcal721 kcalZawartość tłuszczów (ogólnie)80 gKwasy tłuszczowe nasycone28 gZawartość węglowodanów0.5 gCukry0.5 gZawartość białek0.5 gZawartość soli0.15 gWitaminy i składniki mineralnew 100 g% RWS w 100 gWitamina A900 μg0%Witamina A (%RWS)113 %RWS0%Witamina D7.5 μg0%Witamina D (%RWS)150 %RWS0%"}, {"header": "Pozostałe informacje", "content": "Kraj pochodzenia:PolskaKraj pochodzenia zależy od konkretnej partii produktu jaka znajduje się w sklepie. Informację o kraju pochodzenia znajdziesz na opakowaniu. Możesz również dodać komentarz z preferowanym typem produktu w koszyku lub wiadomości dla shoppera (np. “prosze o pomidory polskie”).Producent:BUNGE POLSKA Sp. z o.o.,\nul. Niepodległości 42,\n88-150 Kruszwica\nwww.slynnemr.plDystrybutor:Bunge Polska Sp. z o.o.Niepodległości 42 88-150 Kruszwicabeu.sekretariatbp.kru@bunge.comNazwa wymagana prawnie:Słynne MR Roślinne Margaryna - zawartość tłuszczu 80% 500g"}], "images": ["data/images/df66fb30088c90ff16c17be8f2b7eebf.jpg"], "absolute_path": "Nabiał/Margaryna/Produkt 1"}
{"name": "Produkt 2", "url": "https://zakupy.biedronka.pl/finuu-finuu-klasyczne-z-finskiego-masla-olejow-z-rzepaku-i-lnianki-miks-tluszczowy-do-smarowania-200-g-0000004573.html", "title": "Finuu klasyczne z fińskiego masła olejów z rzepaku i lnianki Miks tłuszczowy do smarowania 200 g", "brand": "Finuu", "price": "7.99 PLN", "packaging_details": "0.2kg- 39,95 zł / kg", "description_sections": [{"header": "Opis produktu", "content": "Finuu klasyczne z fińskiego masła olejów z rzepaku i lnianki Miks tłuszczowy do smarowania 200 g"}, {"header": "Składniki i alergeny", "content": "Składniki:masłozmleka(47%), oleje roślinne (rzepakowy - 34%, z lnianki -2%), maślanka zmleka, witaminy (A,D)"}, {"header": "Pozostałe informacje", "content": "Kraj pochodzenia:PolskaKraj pochodzenia zależy od konkretnej partii produktu jaka znajduje się w sklepie. Informację o kraju pochodzenia znajdziesz na opakowaniu. Możesz również dodać komentarz z preferowanym typem produktu w koszyku lub wiadomości dla shoppera (np. “prosze o pomidory polskie”).Dystrybutor:Jeronimo Martins Polska S.A.Żniwna 5 62-025 Kostrzyn PLImporter:Jeronimo Martins Polska S.A.Żniwna 5 62-025 Kostrzyn PLNazwa wymagana prawnie:Finuu klasyczne z fińskiego masła olejów z rzepaku i lnianki Miks tłuszczowy do smarowania 200 g"}], "images": ["data/images/0b8d193409cfe18948c051c0cab6f747.jpg"], "absolute_path": "Nabiał/Masło/Produkt 2"}
{"name": "Produkt 2", "url": "https://zakupy.biedronka.pl/rama-rama-classic-400-g-0000000179.html", "title": "Rama classic 400 g", "brand": "Rama", "price": "8.49 PLN", "packaging_details": "0.4kg- 21,23 zł / kg", "description_sections": [{"header": "Opis produktu", "content": "Rama Classic jest najchętniej wybieranym wariantem z linii produktów Rama. Nasza w 100% roślinna receptura jest oparta na tłuszczach roślinnych i składa się w 100% z naturalnych składników. Bez choćby śladu nabiału!Dzięki odpowiedniej kompozycji naturalnych składników Rama wyróżnia się kremowo-aksamitną konsystencją i wyjątkowym smakiem! Świetnie sprawdza się do smarowania kanapek. Zawiera witaminy A oraz D, które są niezbędne do prawidłowego funkcjonowania organizmu.Rama to prosty skład i doskonały smak. Bez konserwantów, bez sztucznych zagęstników, bez sztucznych barwników. Teraz w 100% roślinna!"}, {"header": "Składniki i alergeny", "content": "Składniki:Oleje roślinne (rzepakowy, słonecznikowy), woda, tłuszcz kokosowy, sól 0,3%, emulgator (lecytyna słonecznikowa), naturalny aromat, barwnik (karoten), Witaminy (A, D)"}, {"header": "Pozostałe informacje", "content": "Kraj pochodzenia:PolskaKraj pochodzenia zależy od konkretnej partii produktu jaka znajduje się w sklepie. Informację o kraju pochodzenia znajdziesz na opakowaniu. Możesz również dodać komentarz z preferowanym typem produktu w koszyku lub wiadomości dla shoppera (np. “prosze o pomidory polskie”).Nazwa wymagana prawnie:59% tłuszcz do smarowania 400g. 100% naturalne składniki"}], "images": ["data/images/4634113fcac43a96a015128129c56303.jpg"], "absolute_path": "Nabiał/Margaryna/Produkt 2"}
{"name": "Produkt 4", "url": "https://zakupy.biedronka.pl/mleczna-dolina-mleczna-dolina-maslo-klarowane-500-g-0000009920.html", "title": "Mleczna Dolina Masło klarowane 500 g", "brand": "Mleczna Dolina", "price": "23.99 PLN", "packaging_details": "0.5kg- 47,98 zł / kg", "description_sections": [{"header": "Składniki i alergeny", "content": "Składniki:Masło klarowane. Zawartość tłuszczumlecznego99,8%"}, {"header": "Pozostałe informacje", "content": "Nazwa wymagana prawnie:Masło klarowane. Bezwodny tłuszcz mleczny."}], "images": ["data/images/79084b63173d3b92b94be6f3a4578561.jpg", "data/images/b2acfdb664226779c715348f8a1f22d9.jpg", "data/images/d570eaead865ee4cc54c283fd0720790.jpg"], "absolute_path": "Nabiał/Masło/Produkt 4"}
{"name": "Produkt 3", "url": "https://zakupy.biedronka.pl/mleczna-dolina-mleczna-dolina-maslo-irlandzkie-200-g-0000005125.html", "title": "Mleczna Dolina Masło irlandzkie 200 g", "brand": "Mleczna Dolina", "price": "9.99 PLN", "packaging_details": "0.2kg- 49,95 zł / kg", "description_sections": [{"header": "Składniki i alergeny", "content": "Składniki:masłoirlandzkie. Zawartość tłuszczu 82%Alergeny:Mleko i produkty pochodne (łącznie z laktozą)Inne informacje o zawartości produktu:Zawiera surowce GMO:Nie"}, {"header": "Wartość odżywcza", "content": "W 100 gWartość energetyczna kcal743 kcalZawartość tłuszczów (ogólnie)82 gKwasy tłuszczowe nasycone54 gZawartość węglowodanów0.7 gCukry0.7 gZawartość białek0.6 gZawartość soli0.02 g"}, {"header": "Pozostałe informacje", "content": "Kraj pochodzenia:IrlandiaKraj pochodzenia zależy od konkretnej partii produktu jaka znajduje się w sklepie. Informację o kraju pochodzenia znajdziesz na opakowaniu. Możesz również dodać komentarz z preferowanym typem produktu w koszyku lub wiadomości dla shoppera (np. “prosze o pomidory polskie”).Producent:Mlekoma Dairy Sp. z o.o.Dystrybutor:Jeronimo Martins Polska S.A.Żniwna 5 62-025 KostrzynImporter:Jeronimo Martins Polska S.A.Żniwna 5 62-025 Kostrzyn PLNazwa wymagana prawnie:Masło irlandzkie. Zawartość tłuszczu 82%"}], "images": ["data/images/39bc8dcc3229c4d58263ba514e1abedd.jpg", "data/images/47e0c69046916e864da7de41f31ed101.jpg", "data/images/9700112daa22ec6c8df8d6e079779a68.jpg"], "absolute_path": "Nabiał/Masło/Produkt 3"}
{"name": "Produkt 1", "url": "https://zakupy.biedronka.pl/mleczna-dolina-mleczna-dolina-mleko-uht-15-bez-laktozy-1-l-0000003418.html", "title": "Mleczna Dolina Mleko UHT 1,5 % bez laktozy 1 l", "brand": "Mleczna Dolina", "price": "3.89 PLN", "packaging_details": "1l- 3,89 zł / l", "description_sections": [{"header": "Opis produktu", "content": "Mleko UHT bez laktozy o zawartości tłuszczu 1,5% 1 L"}, {"header": "Składniki i alergeny", "content": "Składniki:Mleko krowieAlergeny:Mleko i produkty pochodne (łącznie z laktozą)Inne informacje o zawartości produktu:Zawiera surowce GMO:Nie"}, {"header": "Wartość odżywcza", "content": "W 100 mlWartość energetyczna kcal44 kcalZawartość tłuszczów (ogólnie)1.5 gKwasy tłuszczowe nasycone1 gZawartość węglowodanów4.7 gCukry4.7 gZawartość białek3 gZawartość soli0.1 g"}, {"header": "Pozostałe informacje", "content": "Kraj pochodzenia:PolskaKraj pochodzenia zależy od konkretnej partii produktu jaka znajduje się w sklepie. Informację o kraju pochodzenia znajdziesz na opakowaniu. Możesz również dodać komentarz z preferowanym typem produktu w koszyku lub wiadomości dla shoppera (np. “prosze o pomidory polskie”).Producent:Okręgowa Spółdzielnia Mleczarska w ŁowiczuDystrybutor:Okręgowa Spółdzielnia MleczarskaPrzemysłowa 3 99-400 ŁowiczImporter:Okręgowa Spółdzielnia MleczarskaPrzemysłowa 3 99-400 Łowicz PLNazwa wymagana prawnie:Mleko UHT częściowo odtłuszczone, bez laktozy, zawartość tłuszczu 1,5%"}], "images": ["data/images/75a35d8e44b2adc885472e006305227b.jpg"], "absolute_path": "Nabiał/Mleko/Produkt 1"}
{"name": "Produkt 3", "url": "https://zakupy.biedronka.pl/lurpak-lurpak-premium-miks-klasyczny-200-g-0000019309.html", "title": "Lurpak Premium Miks klasyczny 200 g", "brand": "Lurpak", "price": "7.99 PLN", "packaging_details": "0.2kg- 39,95 zł / kg", "description_sections": [{"header": "Opis produktu", "content": "Miks tłuszczowy posiada najwyższą zawartość masła wśród miksów w pudełku – aż 64%. Lurpak premium miks klasyczny łączy premium smak z premium wygodą użycia. Powstaje na bazie masła, stąd jego prawdziwie maślany smak. Zawiera wyłącznie naturalne składniki. Lurpak premium miks klasyczny polecamy przede wszystkim do kanapek."}, {"header": "Składniki i alergeny", "content": "Składniki:Składniki: Masło 64% (zmleka), olej rzepakowy 26%, woda, kultury bakterii kwasu mlekowego.Alergeny:Mleko i produkty pochodne (łącznie z laktozą)Inne informacje o zawartości produktu:Zawiera surowce GMO:Nie, \n\nZawiera substancje konserwujące:Nie"}, {"header": "Wartość odżywcza", "content": "W 100 gWartość energetyczna kcal706 kcalZawartość tłuszczów (ogólnie)78 gKwasy tłuszczowe nasycone35 gZawartość węglowodanów0.6 gCukry0.6 gZawartość białek0.5 gZawartość soli0 g"}, {"header": "Pozostałe informacje", "content": "Kraj pochodzenia:DaniaKraj pochodzenia zależy od konkretnej partii produktu jaka znajduje się w sklepie. Informację o kraju pochodzenia znajdziesz na opakowaniu. Możesz również dodać komentarz z preferowanym typem produktu w koszyku lub wiadomości dla shoppera (np. “prosze o pomidory polskie”).Nazwa wymagana prawnie:Miks tłuszczowy do smarowania. Zawiera 78% tłuszczu (67% tłuszcz mleczny i 33% tłuszcz roślinny) 200g"}], "images": ["data/images/508a022cd0af0b486ffabca3aa4994ab.jpg"], "absolute_path": "Nabiał/Margaryna/Produkt 3"}
{"name": "Produkt 4", "url": "https://zakupy.biedronka.pl/delma-delma-margaryna-poltlusta-o-smaku-masla-450-g-0000000002.html", "title": "Delma Margaryna półtłusta o smaku masła 450 g", "brand": "Delma", "price": "5.99 PLN", "packaging_details": "0.5kg- 11,98 zł / kg", "description_sections": [{"header": "Opis produktu", "content": "Idealna do kanapek, maślany smak, źródło witamin A, D i E, bez konserwantów. Margaryna półtłusta o smaku masła."}, {"header": "Składniki i alergeny", "content": "Składniki:woda, oleje roślinne 39% (rzepakowy, palmowy, słonecznikowy), (w zmiennych porcjach), emulgator (mono i diglicerydy kwasów tłuszczowych, lecytyna, sól 0.3%, regulator kwasowości (kwas cytrynowy) , aromat, witaminy (A,D,E), barwik (karoteny)"}, {"header": "Pozostałe informacje", "content": "Nazwa wymagana prawnie:Margaryna półtłusta (39% tłuszczu) o smaku masła. 450g"}], "images": ["data/images/c6de43f39e95420b2673c37bc42c1f47.jpg", "data/images/a1265c6c4b4a3328e7dc2d600e372c56.jpg"], "absolute_path": "Nabiał/Margaryna/Produkt 4"}
{"name": "Produkt 3", "url": "https://zakupy.biedronka.pl/mleczna-dolina-mleczna-dolina-mleko-uht-bez-laktozy-zawartosc-tluszczu-32-1-l-0000004700.html", "title": "Mleczna Dolina Mleko UHT bez laktozy zawartość tłuszczu 3,2 % 1 l", "brand": "Mleczna Dolina", "price": "4.79 PLN", "packaging_details": "1l- 4,79 zł / l", "description_sections": [{"header": "Opis produktu", "content": "Jest produktem UHT pozbawionym laktozy co sprawia, że spożywać je mogą osoby cierpiące na nietolerancję laktozy. Jego smak jest wyraźnie słodszy od normalnego mleka na skutek rozłożenia laktozy na cukry proste – glukozę i galaktozę.Dzięki temu nadaje się ono wyśmienicie do słodzenia i zabielania kawy. Barwa mleka lekko karmelowa wynika z procesu technologicznego."}, {"header": "Składniki i alergeny", "content": "Składniki:mlekoAlergeny:Mleko i produkty pochodne (łącznie z laktozą)Inne informacje o zawartości produktu:Zawiera surowce GMO:Nie"}, {"header": "Wartość odżywcza", "content": "W 100 mlWartość energetyczna kcal59 kcalZawartość tłuszczów (ogólnie)3.2 gKwasy tłuszczowe nasycone2.1 gZawartość węglowodanów4.4 gCukry4.4 gZawartość białek3.2 gZawartość soli0.1 gWitaminy i składniki mineralnew 100 ml% RWS w 100 mlWapń100 mg0%Wapń (%RWS)12.5 %RWS0%"}, {"header": "Pozostałe informacje", "content": "Kraj pochodzenia:PolskaKraj pochodzenia zależy od konkretnej partii produktu jaka znajduje się w sklepie. Informację o kraju pochodzenia znajdziesz na opakowaniu. Możesz również dodać komentarz z preferowanym typem produktu w koszyku lub wiadomości dla shoppera (np. “prosze o pomidory polskie”).Producent:Polmlek Raciąż sp. z o.oDystrybutor:Polmlek Raciąż Sp. z o.o.Zawoda 48 09-140 Raciążsekretariat.raciaz@polmlek.comImporter:Polmlek Raciąż Sp. z o.o.Zawoda 48 09-140 Raciąż PLsekretariat.raciaz@polmlek.comNazwa wymagana prawnie:Mleko UHT bez laktozy zawartość tłuszczu 3,2 % 1 L"}], "images": ["data/images/5b5f764b2eb6e1328888cfd9046711fb.jpg", "data/images/4b3617df0cc2a44123980912dbbe9b01.jpg", "data/images/dad3fd13f9eed622b9d51803e9333519.jpg"], "absolute_path": "Nabiał/Mleko/Produkt 3"}
{"name": "Produkt 2", "url": "https://zakupy.biedronka.pl/mlekovita-mlekovita-mleko-uht-32-tluszczu-wypasione-1-l-0000000036.html", "title": "Mlekovita Mleko UHT 3,2 % tłuszczu Wypasione 1 l", "brand": "Mlekovita", "price": "4.49 PLN", "packaging_details": "1l- 4,49 zł / l", "description_sections": [{"header": "Opis produktu", "content": "WYPASIONE to mleko od krów wypasanych na czystych ekologicznie terenach Podlasia, o najwyższej wartości odżywczej i biologicznej. Unikalna, najnowocześniejsza technologia produkcji zapewnia wyśmienity smak i jednocześnie zachowanie wszystkich wartości naturalnego mleka. Bogate jest w białko (MLEKOVITA słynie z największej w kraju naturalnej jego zawartości w skupowanym surowcu), które zawiera wszystkie aminokwasy niezbędne do prawidłowej aktywności mózgu. WYPASIONE jest również doskonałym źródłem cennych witamin A (m.in. korzystnie wpływa na narząd wzroku, dba o stan włosów, skóry i paznokci), D (pomaga w transporcie w wchłanianiu wapnia i fosforu, odgrywając nieocenioną rolę w procesie budowy kości i zębów), E („witamina młodości” – zapobiega starzeniu się skóry, poprawia stan naczyń krwionośnych, uczestniczy w wytwarzaniu czerwonych krwinek) oraz z grupy B (m.in. wpływają na stan komórek organizmu, niezbędne do prawidłowego funkcjonowania układów nerwowego, pokarmowego i skóry, zmniejszają objawy stresu, regulują pracę gruczołów łojowych) i minerałów: najłatwiej przyswajalnego wapnia, a także fosforu, potasu, magnezu, cynku i chromu niezbędnych do funkcjonowania mózgu, obwodowego układu nerwowego oraz metabolizmu. Posiada właściwości antymiażdżycowe, antynowotworowe i antyoksydacyjne dzięki składnikom obecnym w tłuszczu mlekowym. Co ważne, w mleku nie ma pustych kalorii. Wszystko to sprawia, że mleko WYPASIONE poleca się osobom w każdym wieku, a oferowane porcje 1l i 500 ml optymalnie zaspokoją potrzeby szerokiego grona konsumentów"}, {"header": "Składniki i alergeny", "content": "Składniki:MLEKO 3,2%"}, {"header": "Przechowywanie i sposób przygotowania", "content": "Sposób podania:do bezpośredniego spożycia"}, {"header": "Pozostałe informacje", "content": "Kraj pochodzenia:PolskaKraj pochodzenia zależy od konkretnej partii produktu jaka znajduje się w sklepie. Informację o kraju pochodzenia znajdziesz na opakowaniu. Możesz również dodać komentarz z preferowanym typem produktu w koszyku lub wiadomości dla shoppera (np. “prosze o pomidory polskie”).Nazwa wymagana prawnie:Mleko UHT 3,2% tłuszczu Wypasione  1l"}], "images": ["data/images/680d3b4cd49d204e909eba04c9dbf29c.jpg"], "absolute_path": "Nabiał/Mleko/Produkt 2"}
{"name": "Produkt 4", "url": "https://zakupy.biedronka.pl/piatnica-piatnica-mleko-wiejskie-swieze-20-1-l-0000010533.html", "title": "Piątnica Mleko wiejskie świeże 2,0 % 1 l", "brand": "Piątnica", "price": "4.39 PLN", "packaging_details": "1l- 4,39 zł / l", "description_sections": [{"header": "Opis produktu", "content": "Mleko Wiejskie z Piątnicy jest poddawane procesowi mikrofiltracji i pasteryzacji w temperaturze 74°C. Dzięki temu zachowuje większość cennych składników odżywczych, w tym witaminy oraz niezdenaturowane białka serwatkowe."}, {"header": "Składniki i alergeny", "content": "Składniki:Zawartość tłuszczu: 2,0%Inne informacje o zawartości produktu:Składniki modyfikowane genetycznie:Nie zawiera"}, {"header": "Wartość odżywcza", "content": "Wartość energetyczna50 kcalTłuszcz2 gw tym kwasy tłuszczowe nasycone1.3 gWęglowodany4.8 gw tym cukry4.8 gBiałko3.2 gSól0.1 gWitaminy i składniki mineralnew 100 ml% RWS w 100 mlWapń121 mg0%"}, {"header": "Pozostałe informacje", "content": "Producent:Okręgowa Spółdzielnia Mleczarska w Piątnicy\nul. Forteczna 3,\n18-421 Piątnica\nwww.piatnica.com.plNazwa wymagana prawnie:Mleko pasteryzowane, mikrofiltrowane, świeże."}], "images": ["data/images/ad0bd1cc8b6981517fe4b5e2a55d6b01.jpg"], "absolute_path": "Nabiał/Mleko/Produkt 4"}
{"name": "Produkt 5", "url": "https://zakupy.biedronka.pl/mlekovita-mlekovita-mleko-uht-2-tluszczu-wypasione-1l-0000004292.html", "title": "Mlekovita Mleko UHT 2% tłuszczu Wypasione 1l", "brand": "Mlekovita", "price": "4.29 PLN", "packaging_details": "1l- 4,29 zł / l", "description_sections": [{"header": "Opis produktu", "content": "WYPASIONE to mleko od krów wypasanych na czystych ekologicznie terenach Podlasia, o najwyższej wartości odżywczej i biologicznej. Unikalna, najnowocześniejsza technologia produkcji zapewnia wyśmienity smak i jednocześnie zachowanie wszystkich wartości naturalnego mleka. Bogate jest w białko (MLEKOVITA słynie z największej w kraju naturalnej jego zawartości w skupowanym surowcu), które zawiera wszystkie aminokwasy niezbędne do prawidłowej aktywności mózgu. WYPASIONE jest również doskonałym źródłem cennych witamin A (m.in. korzystnie wpływa na narząd wzroku, dba o stan włosów, skóry i paznokci), D (pomaga w transporcie w wchłanianiu wapnia i fosforu, odgrywając nieocenioną rolę w procesie budowy kości i zębów), E („witamina młodości” – zapobiega starzeniu się skóry, poprawia stan naczyń krwionośnych, uczestniczy w wytwarzaniu czerwonych krwinek) oraz z grupy B (m.in. wpływają na stan komórek organizmu, niezbędne do prawidłowego funkcjonowania układów nerwowego, pokarmowego i skóry, zmniejszają objawy stresu, regulują pracę gruczołów łojowych) i minerałów: najłatwiej przyswajalnego wapnia, a także fosforu, potasu, magnezu, cynku i chromu niezbędnych do funkcjonowania mózgu, obwodowego układu nerwowego oraz metabolizmu. Posiada właściwości antymiażdżycowe, antynowotworowe i antyoksydacyjne dzięki składnikom obecnym w tłuszczu mlekowym. Co ważne, w mleku nie ma pustych kalorii. Wszystko to sprawia, że mleko WYPASIONE poleca się osobom w każdym wieku, a oferowane porcje 1l i 500 ml optymalnie zaspokoją potrzeby szerokiego grona konsumentów"}, {"header": "Składniki i alergeny", "content": "Składniki:Mleko 2%Alergeny:Mleko i produkty pochodne (łącznie z laktozą)Inne informacje o zawartości produktu:Informacje szczegółowe dotyczące środków słodzących:Nie, \n\nZawiera surowce GMO:Nie, \n\nZawiera lukrecję:Nie, \n\nZawiera chininę:Nie, \n\nZawiera taurynę:Nie, \n\nZawiera przeciwutleniacze:Nie, \n\nZawiera wzmacniacze smaku:Nie, \n\nZawiera fosforany:Nie, \n\nZawiera barwniki:Nie, \n\nZawiera substancje konserwujące:Nie, \n\nZawiera kofeinę:Nie, \n\nOsłonka niejadalna:Nie, \n\nZawiera środki spożywcze z dodatkiem fitosteroli, estrów fitosteroli, fitostanoli lub estrów fitostanoli:Nie"}, {"header": "Wartość odżywcza", "content": "W 100 mlWartość energetyczna kcal49 kcalZawartość tłuszczów (ogólnie)2 gKwasy tłuszczowe nasycone1.3 gZawartość węglowodanów4.7 gCukry4.7 gZawartość białek3.2 gZawartość soli0.1 gWitaminy i składniki mineralnew 100 g% RWS w 100 gWapń105 mg13%"}, {"header": "Przechowywanie i sposób przygotowania", "content": "Sposób podania:do bezpośredniego spożycia"}, {"header": "Pozostałe informacje", "content": "Kraj pochodzenia:PolskaKraj pochodzenia zależy od konkretnej partii produktu jaka znajduje się w sklepie. Informację o kraju pochodzenia znajdziesz na opakowaniu. Możesz również dodać komentarz z preferowanym typem produktu w koszyku lub wiadomości dla shoppera (np. “prosze o pomidory polskie”).Producent:SM Mlekovitaul. Ludowa 122 18-200 18-200 Wysokie Mazow PLzbycul@mlekovita.com.plDystrybutor:Jeronimo Martins Polska S.A.Żniwna 5 62-025 Kostrzyn PLImporter:SPÓŁDZIELNIA MLECZARSKA MLEKOVITAUL.LUDOWA 122 18-200 WYSOKIE MAZOWIECKIE PLbok@mlekovita.com.plNazwa wymagana prawnie:Mleko UHT 2% tłuszczu Wypasione 1l"}], "images": ["data/images/7cfdd2dc89670cdf0af22839bb0c9461.jpg"], "absolute_path": "Nabiał/Mleko/Produkt 5"}
{"name": "Produkt 8", "url": "https://zakupy.biedronka.pl/spoldzielnia-mleczarska-w-gostyniu-spoldzielnia-mleczarska-w-gostyniu-mleko-zageszczone-slodzone-gostynskie-8-tluszczu-530-g-0000015340.html", "title": "Spółdzielnia Mleczarska w Gostyniu Mleko zagęszczone słodzone gostyńskie 8 % tłuszczu 530 g", "brand": "Spółdzielnia Mleczarska w Gostyniu", "price": "9.99 PLN", "packaging_details": "0.53kg- 18,85 zł / kg", "description_sections": [{"header": "Opis produktu", "content": "Mleko zagęszczone słodzone stosujemy bezpośrednio do spożycia lub jako dodatek do kawy, deserów, lodów i ciast."}, {"header": "Składniki i alergeny", "content": "Składniki:Mleko, cukier"}, {"header": "Pozostałe informacje", "content": "Kraj pochodzenia:PolskaKraj pochodzenia zależy od konkretnej partii produktu jaka znajduje się w sklepie. Informację o kraju pochodzenia znajdziesz na opakowaniu. Możesz również dodać komentarz z preferowanym typem produktu w koszyku lub wiadomości dla shoppera (np. “prosze o pomidory polskie”).Nazwa wymagana prawnie:Mleko zagęszczone słodzone 8% tłuszczu - pasteryzowane"}], "images": ["data/images/cf81d11c67a6737578ffd9059909a2c4.jpg"], "absolute_path": "Nabiał/Mleko/Produkt 8"}
{"name": "Produkt 6", "url": "https://zakupy.biedronka.pl/gobio-gobio-mleko-39-1-l-0000008345.html", "title": "goBIO Mleko 3,9 % 1 l", "brand": "goBIO", "price": "7.79 PLN", "packaging_details": "1l- 7,79 zł / l", "description_sections": [{"header": "Opis produktu", "content": "Ekologiczne mlekopochodzi z certyfikowanych gospodarstw ekologicznych prowadzących pastwiskową hodowlę krów. Podstawą ich żywienia są zielonki, sianokiszonki z runi łąkowej oraz siano pozyskane z naturalnych metod uprawy i nawożenia.Wierzymy, żeto, co naturalne, jest dla Ciebie najlepsze, dlatego oferujemy mleko pełne, zachowujące naturalną zawartość tłuszczu, pełnię smaku i składników odżywczych."}, {"header": "Składniki i alergeny", "content": "Składniki:MlekoAlergeny:Mleko i produkty pochodne (łącznie z laktozą)Inne informacje o zawartości produktu:Zawiera surowce GMO:Nie"}, {"header": "Wartość odżywcza", "content": "W 100 mlWartość energetyczna kcal67 kcalZawartość tłuszczów (ogólnie)3.9 gKwasy tłuszczowe nasycone2.3 gZawartość węglowodanów4.8 gCukry4.8 gZawartość białek3.1 gZawartość soli0.1 gWitaminy i składniki mineralnew 100 ml% RWS w 100 mlFosfor85 mg0%Fosfor (%RWS)12 %RWS0%Potas170 mg0%Potas (%RWS)9 %RWS0%Wapń120 mg0%Wapń (%RWS)5 %RWS0%Witamina B120.33 μg0%Witamina B12 (%RWS)13 %RWS0%"}, {"header": "Pozostałe informacje", "content": "Producent:Jeronimo Martins Polska S.A.Dystrybutor:Jeronimo Martins Polska S.A.Żniwna 5 62-025 KostrzynImporter:Jeronimo Martins Polska S.A.Żniwna 5 62-025 Kostrzyn PLNazwa wymagana prawnie:Ekologiczne mleko pełne, nieznormalizowane, pasteryzowane, mikrofiltrowane, świeże. Zawartość tłuszczu - 3,9%."}], "images": ["data/images/49d593f6a042b11e0847cadb2a7ef7e4.jpg", "data/images/84222685d142d1620d8491ef6c5634f9.jpg", "data/images/3c0516b66d7bbe9cb1cc07487007c1ca.jpg", "data/images/1d8da3f06f6ed10266dcfadec03aa4f7.jpg"], "absolute_path": "Nabiał/Mleko/Produkt 6"}
{"name": "Produkt 7", "url": "https://zakupy.biedronka.pl/laciate-laciate-mleko-uht-o-smaku-czekoladowym-1-l-0000803126.html", "title": "Łaciate Mleko UHT o smaku czekoladowym 1 l", "brand": "Łaciate", "price": "5.99 PLN", "packaging_details": "1l- 5,99 zł / l", "description_sections": [{"header": "Opis produktu", "content": "Naturalne aromaty."}, {"header": "Składniki i alergeny", "content": "Składniki:mleko,1,4 % kakao o obniżonej zawartości tłuszczu,naturalny aromat czekoladowy z innymi naturalnymi aromatami,stabilizator: karagen,substancja słodząca: sukralozaAlergeny:Zawiera MlekoInne informacje o zawartości produktu:Smaki / Aromaty:Zawiera, \n\nSubstancje słodzące:Zawiera"}, {"header": "Wartość odżywcza", "content": "W 100 mlWartość energetyczna51 kcalTłuszcz1.6 gw tym kwasy tłuszczowe nasycone1.1 gWęglowodany5.5 gw tym cukry5.5 gBiałko3.6 gSól0.1 gWitaminy i składniki mineralnew 100  ml% RWS w 100  mlWapń112 mg14%"}, {"header": "Przechowywanie i sposób przygotowania", "content": "Sposób podania:Wstrząśnij przed wypiciem."}, {"header": "Pozostałe informacje", "content": "Kraj pochodzenia:PolskaKraj pochodzenia zależy od konkretnej partii produktu jaka znajduje się w sklepie. Informację o kraju pochodzenia znajdziesz na opakowaniu. Możesz również dodać komentarz z preferowanym typem produktu w koszyku lub wiadomości dla shoppera (np. “prosze o pomidory polskie”).Producent:Spółdzielnia Mleczarska „MLEKPOL\" w Grajewie\nul. Elewatorska 13,\n19-203 Grajewo\n\nOddział Zakład Produkcji Mleczarskiej w Zambrowie\nul. Polowa 8,\n18-300 Zambrów\nwww.mlekpol.com.plDystrybutor:Jeronimo Martins Polska S.A.Żniwna 5 62-025 Kostrzyn PLImporter:Jeronimo Martins Polska S.A.Żniwna 5 62-025 Kostrzyn PLNazwa wymagana prawnie:Mleko UHT o smaku czekoladowym. Zawiera substancję słodzącą."}], "images": ["data/images/f7f313bb3934e217c43f16dde14e9bf3.jpg"], "absolute_path": "Nabiał/Mleko/Produkt 7"}
{"name": "Produkt 1", "url": "https://zakupy.biedronka.pl/zott-primo-zott-primo-smietanka-30-200-g-0000005537.html", "title": "Zott Primo Śmietanka 30 % 200 g", "brand": "Zott Primo", "price": "4.59 PLN", "packaging_details": "0.2kg- 22,95 zł / kg", "description_sections": [{"header": "Składniki i alergeny", "content": "Składniki:śmietanka,stabilizator: karagenAlergeny:Zawiera Mleko"}, {"header": "Wartość odżywcza", "content": "W 100 gWartość energetyczna293 kcalTłuszcz30 gw tym kwasy tłuszczowe nasycone20.1 gWęglowodany3.4 gw tym cukry3.4 gBiałko2.3 gSól0.09 g"}, {"header": "Pozostałe informacje", "content": "Producent:Zott SE & Co. KG,\nD-86690 Mertingen,\nNiemcyDystrybutor:Zott SE & Co. KGD-86690 Mertingen NiemcyNazwa wymagana prawnie:Śmietanka kremowa pasteryzowana."}], "images": ["data/images/cddcbb8d49740f9dd5a55e30668b4f53.jpg"], "absolute_path": "Nabiał/Śmietana/Produkt 1"}
{"name": "Produkt 9", "url": "https://zakupy.biedronka.pl/laciate-laciate-mleko-w-proszku-pelne-500-g-0000020010.html", "title": "Łaciate Mleko w proszku pełne 500 g", "brand": "Łaciate", "price": "14.99 PLN", "packaging_details": "0.5kg- 29,98 zł / kg", "description_sections": [{"header": "Składniki i alergeny", "content": "Składniki:Zawartość tłuszczu 27%"}, {"header": "Przechowywanie i sposób przygotowania", "content": "Sposób podania:Przygotowanie 250 ml mleka płynnego:Do garnka do gotowania mleka odważyć 33 g mleka w proszku (lub odmierzyć 6 płaskich łyżek).Przygotować 250 ml wody o temp. 40-50°C. Do odmierzonego mleka w proszku dodać niewielką ilość wody, rozetrzeć na jednolitą masę.Następnie połączyć z pozostałą ilością wody.Mieszając zagotować. Tak przygotowane mleko zawiera 3,2% tłuszczu."}, {"header": "Pozostałe informacje", "content": "Kraj pochodzenia:PolskaKraj pochodzenia zależy od konkretnej partii produktu jaka znajduje się w sklepie. Informację o kraju pochodzenia znajdziesz na opakowaniu. Możesz również dodać komentarz z preferowanym typem produktu w koszyku lub wiadomości dla shoppera (np. “prosze o pomidory polskie”).Nazwa wymagana prawnie:Mleko w proszku pełne"}], "images": ["data/images/0eb9dd16ce4abc559a5c6b6c2a06429e.jpg"], "absolute_path": "Nabiał/Mleko/Produkt 9"}
{"name": "Produkt 2", "url": "https://zakupy.biedronka.pl/laciata-laciata-smietanka-36-500-ml-0000015351.html", "title": "Łaciata Śmietanka 36 % 500 ml", "brand": "Łaciata", "price": "11.99 PLN", "packaging_details": "0.5l- 23,98 zł / l", "description_sections": [{"header": "Składniki i alergeny", "content": "Składniki:śmietanka,stabilizator: E407,zawartość tłuszczu 36 %"}, {"header": "Przechowywanie i sposób przygotowania", "content": "Sposób podania:Przed ubiciem schłodzić przez minimum 12 godzin w temperaturze poniżej +6°C. Wstrząsnąć przed otwarciem."}, {"header": "Pozostałe informacje", "content": "Kraj pochodzenia:PolskaKraj pochodzenia zależy od konkretnej partii produktu jaka znajduje się w sklepie. Informację o kraju pochodzenia znajdziesz na opakowaniu. Możesz również dodać komentarz z preferowanym typem produktu w koszyku lub wiadomości dla shoppera (np. “prosze o pomidory polskie”).Nazwa wymagana prawnie:Śmietanka UHT zawartość tłuszczu 36 %."}], "images": ["data/images/5f0864b36bbcd2c8dc608d3efa52e6e6.jpg"], "absolute_path": "Nabiał/Śmietana/Produkt 2"}
{"name": "Produkt 10", "url": "https://zakupy.biedronka.pl/sm-gostyn-sm-gostyn-mleko-zageszczone-nieslodzone-75-gostynskie-500-g-0000008006.html", "title": "SM Gostyń Mleko zagęszczone niesłodzone 7,5 % gostyńskie 500 g", "brand": "SM Gostyń", "price": "5.75 PLN", "packaging_details": "0.5kg- 11,50 zł / kg", "description_sections": [{"header": "Opis produktu", "content": "Mleko zagęszczone niesłodzone stosuje się do kawy, herbaty, kakao oraz do celów kulinarnych."}, {"header": "Składniki i alergeny", "content": "Składniki:Mleko, stabilizatory (fosforany sodu i cytryniany sodu)"}, {"header": "Przechowywanie i sposób przygotowania", "content": "Sposób podania:do bezpośredniego spożycia"}, {"header": "Pozostałe informacje", "content": "Kraj pochodzenia:PolskaKraj pochodzenia zależy od konkretnej partii produktu jaka znajduje się w sklepie. Informację o kraju pochodzenia znajdziesz na opakowaniu. Możesz również dodać komentarz z preferowanym typem produktu w koszyku lub wiadomości dla shoppera (np. “prosze o pomidory polskie”).Nazwa wymagana prawnie:Mleko zagęszczone niesłodzone 7,5% tłuszczu - sterylizowane"}], "images": ["data/images/a62855d7ec3f0349c42cb26ad5605f32.jpg", "data/images/73ca0aa12bcd76503fd770f74a3e1820.jpg"], "absolute_path": "Nabiał/Mleko/Produkt 10"}
{"name": "Produkt 11", "url": "https://zakupy.biedronka.pl/laciate-laciate-mleko-uht-32-1-l-0000015339.html", "title": "Łaciate Mleko UHT 3,2 % 1 l", "brand": "Łaciate", "price": "4.49 PLN", "packaging_details": "1l- 4,49 zł / l", "description_sections": [{"header": "Opis produktu", "content": "Mleko UHT Łaciate o zawartości tłuszczu 3,2%"}, {"header": "Składniki i alergeny", "content": "Składniki:zawartość tłuszczu 3,2 %Alergeny:Mleko i produkty pochodne (łącznie z laktozą)"}, {"header": "Wartość odżywcza", "content": "W 100 mlWartość energetyczna kcal60 kcalZawartość tłuszczów (ogólnie)3.2 gKwasy tłuszczowe nasycone2 gZawartość węglowodanów4.7 gCukry4.7 gZawartość białek3.2 gZawartość soli0.17 g"}, {"header": "Pozostałe informacje", "content": "Kraj pochodzenia:PolskaKraj pochodzenia zależy od konkretnej partii produktu jaka znajduje się w sklepie. Informację o kraju pochodzenia znajdziesz na opakowaniu. Możesz również dodać komentarz z preferowanym typem produktu w koszyku lub wiadomości dla shoppera (np. “prosze o pomidory polskie”).Producent:Spółdzielnia Mleczarska \"MLEKPOL\" w GrajewieElewatorska 13 19-203 Grajewo PLmlekpol@mlekpol.com.pImporter:Spółdzielnia Mleczarska \"MLEKPOL\" w Grajewieul. Elewatorska 13 19-203 Grajewo PLmlekpol@mlekpol.com.plNazwa wymagana prawnie:Mleko UHT Łaciate 3,2% , 1 l"}], "images": ["data/images/694fdb8912f2f9571e9c493ea487995e.jpg"], "absolute_path": "Nabiał/Mleko/Produkt 11"}
{"name": "Produkt 1", "url": "https://zakupy.biedronka.pl/krasnystaw-krasnystaw-kefir-420-g-0000004146.html", "title": "Krasnystaw Kefir 420 g", "brand": "Krasnystaw", "price": "2.89 PLN", "packaging_details": "0.42kg- 6,88 zł / kg", "description_sections": [{"header": "Składniki i alergeny", "content": "Składniki:mleko,białkamleka,żywe kultury bakterii i drożdży kefirowychAlergeny:Zawiera Mleko"}, {"header": "Wartość odżywcza", "content": "W 100 gWartość energetyczna50 kcalTłuszcz2 gw tym kwasy tłuszczowe nasycone1.2 gWęglowodany4.7 gw tym cukry4.2 gBiałko3.4 gSól0.08 g"}, {"header": "Przechowywanie i sposób przygotowania", "content": "Sposób podania:Wstrząsnąć przed spożyciem."}, {"header": "Pozostałe informacje", "content": "Producent:Okręgowa Spółdzielnia Mleczarska w Krasnymstawie\nul. Borowa 4\n22-300 Krasnystaw\nwww.krasnystaw.euDystrybutor:Okręgowa Spółdzielnia Mleczarska w Krasnymstawieul. Borowa 4 22-300 KrasnystawNazwa wymagana prawnie:Kefir."}], "images": ["data/images/c915b46191f34716e5fab9bd51b033ad.jpg"], "absolute_path": "Nabiał/Kefiry/Produkt 1"}
{"name": "Produkt 2", "url": "https://zakupy.biedronka.pl/mleczna-dolina-mleczna-dolina-kefir-w-butelce-400-g-0000002939.html", "title": "Mleczna Dolina Kefir w butelce 400 g", "brand": "Mleczna Dolina", "price": "2.39 PLN", "packaging_details": "0.4kg- 5,98 zł / kg", "description_sections": [{"header": "Opis produktu", "content": "Kefir w butelce Mleczna Dolina 400g"}, {"header": "Składniki i alergeny", "content": "Składniki:Mleko pasteryzowane, żywe kultury bakterii i drożdży kefirowych.Alergeny:Mleko i produkty pochodne (łącznie z laktozą)Inne informacje o zawartości produktu:Zawiera surowce GMO:Nie"}, {"header": "Wartość odżywcza", "content": "W 100 gWartość energetyczna kcal44 kcalZawartość tłuszczów (ogólnie)1.5 gKwasy tłuszczowe nasycone1.1 gZawartość węglowodanów4.5 gCukry3.4 gZawartość białek3.2 gZawartość soli0.1 g"}, {"header": "Pozostałe informacje", "content": "Kraj pochodzenia:PolskaKraj pochodzenia zależy od konkretnej partii produktu jaka znajduje się w sklepie. Informację o kraju pochodzenia znajdziesz na opakowaniu. Możesz również dodać komentarz z preferowanym typem produktu w koszyku lub wiadomości dla shoppera (np. “prosze o pomidory polskie”).Producent:Okręgowa Spółdzielnia Mleczarska w ŁowiczuDystrybutor:Okręgowa Spółdzielnia MleczarskaPrzemysłowa 3 99-400 ŁowiczImporter:Okręgowa Spółdzielnia MleczarskaPrzemysłowa 3 99-400 Łowicz PLNazwa wymagana prawnie:Kefir, zawartość tłuszczu 1,5% Łowicz"}], "images": ["data/images/5dad303a87839d78b019c592360a1f92.jpg"], "absolute_path": "Nabiał/Kefiry/Produkt 2"}
{"name": "Produkt 2", "url": "https://zakupy.biedronka.pl/bakoma-bakoma-jogurt-naturalny-gesty-330-g-0000019892.html", "title": "Bakoma Jogurt naturalny gęsty 330 g", "brand": "Bakoma", "price": "3.99 PLN", "packaging_details": "0.35kg- 11,40 zł / kg", "description_sections": [{"header": "Opis produktu", "content": "Jogurt Naturalny Gęsty Bakoma swoją wyjątkową gęstość zawdzięcza temu, że tworzony jest sposobem zbliżonym do tradycyjnej metody wytwarzania jogurtu, stosowanego w krajach południowo-wschodniej Europy - ojczyzny jogurtu. Nasz Gęsty nalewany jest do opakowania w formie płynnej, a następnie, dzięki działaniu miliardów bakterii, w sposób naturalny gęstnieje w kubku.Bez mleka w proszku."}, {"header": "Składniki i alergeny", "content": "Składniki:mleko,żywe kultury bakterii jogurtowych (10⁸ jtk/g)*: Lactobacillus delbrueckii subsp. bulgaricus i Streptococcus thermophilus oraz L. acidophilus LA5 i Bifidobacterium lactis BB12,*Żywe kultury jogurtowe poprawiają trawienie zawartej w produkcielaktozyu osób mających trudności z jej trawieniemAlergeny:Zawiera Mleko"}, {"header": "Wartość odżywcza", "content": "W 100 gWartość energetyczna58 kcalTłuszcz2.8 gw tym kwasy tłuszczowe nasycone2 gWęglowodany4.9 gw tym cukry4.9 gBiałko3.3 gSól0.11 gWitaminy i składniki mineralnew 100 g% RWS w 100 gWapń175 mg0%Wapń (%RWS)22 %RWS0%"}, {"header": "Pozostałe informacje", "content": "Producent:BAKOMA Sp. z o.o.\nul. Połczyńska 97A\n01-303 Warszawa\n\nInfolinia 801 340 600\nwww.bakoma.plDystrybutor:BAKOMA Sp. z o.o.ul. Połczyńska 97A 01-303 WarszawaNazwa wymagana prawnie:Jogurt naturalny gęsty 2,8 % tłuszczu."}], "images": ["data/images/1ee2d23b54e01c09742cdca005d00e07.jpg"], "absolute_path": "Nabiał/Jogurty naturalne/Produkt 2"}
{"name": "Produkt 1", "url": "https://zakupy.biedronka.pl/fruvita-fruvita-jogurt-naturalny-typu-greckiego-400-g-0000001885.html", "title": "Fruvita Jogurt naturalny typu greckiego 400 g", "brand": "Fruvita", "price": "2.99 PLN", "packaging_details": "0.4kg- 7,48 zł / kg", "description_sections": [{"header": "Opis produktu", "content": "Jogurt  typ grecki wyróżnia się doskonałym smakiem i konsystencją. Jest gęstszy od tradycyjnego jogurtu naturalnego. Stanowi doskonałą przekąskę, wystarczy dodać do niego łyżeczkę miodu lub ulubione owoce."}, {"header": "Składniki i alergeny", "content": "Składniki:śmietanka, białkamleka, żywe kultury bakterii jogurtowych.Alergeny:Mleko i produkty pochodne (łącznie z laktozą)Inne informacje o zawartości produktu:Zawiera surowce GMO:Nie, \n\nOsłonka niejadalna:Tak, \n\nCzy znaki dietetyczne/alergenów znajdują się na opakowaniu?:Nie"}, {"header": "Wartość odżywcza", "content": "W 100 gWartość energetyczna kcal124 kcalZawartość tłuszczów (ogólnie)10 gKwasy tłuszczowe nasycone6.5 gZawartość węglowodanów5 gCukry5 gZawartość białek3.6 gZawartość soli0.1 g"}, {"header": "Pozostałe informacje", "content": "Kraj pochodzenia:PolskaKraj pochodzenia zależy od konkretnej partii produktu jaka znajduje się w sklepie. Informację o kraju pochodzenia znajdziesz na opakowaniu. Możesz również dodać komentarz z preferowanym typem produktu w koszyku lub wiadomości dla shoppera (np. “prosze o pomidory polskie”).Producent:Okręgowa Spółdzielnia Mleczarska w ŁowiczuDystrybutor:Okręgowa Spółdzielnia Mleczarska w SiedlcachKazimierzowska 7 08-110 Siedlcepaulina.paczoska@osm.siedlce.plImporter:Okręgowa Spółdzielnia MleczarskaPrzemysłowa 3 99-400 Łowicz PLNazwa wymagana prawnie:Jogurt typu greckiego"}], "images": ["data/images/1b875b69d023fbadf2ba0e7ecb9a8cee.jpg"], "absolute_path": "Nabiał/Jogurty naturalne/Produkt 1"}
{"name": "Produkt 1", "url": "https://zakupy.biedronka.pl/mlekpol-mlekpol-maslanka-mragowska-naturalna-1-l-0000004685.html", "title": "Mlekpol Maślanka Mrągowska naturalna 1 l", "brand": "Mlekpol", "price": "4.69 PLN", "packaging_details": "1l- 4,69 zł / l", "description_sections": [{"header": "Opis produktu", "content": "Maślanka z MazurOd niej wszystko się zaczyna. Doskonale komponuje się w zimnych koktajlach, daniach wytrawnych i zupach. Wspaniale smakuje też solo, zimna i orzeźwiająca, najlepiej gasi pragnienie w upalne dni.Wysoka zawartość wapnia.Szklanka** maślanki dostarcza 40 %  dziennego zapotrzebowania na wapń.**250 ml"}, {"header": "Składniki i alergeny", "content": "Składniki:maślanka,mleko,żywe kultury bakterii mlekowych"}, {"header": "Przechowywanie i sposób przygotowania", "content": "Sposób podania:Wstrząsnąć przed spożyciem."}, {"header": "Pozostałe informacje", "content": "Kraj pochodzenia:PolskaKraj pochodzenia zależy od konkretnej partii produktu jaka znajduje się w sklepie. Informację o kraju pochodzenia znajdziesz na opakowaniu. Możesz również dodać komentarz z preferowanym typem produktu w koszyku lub wiadomości dla shoppera (np. “prosze o pomidory polskie”).Nazwa wymagana prawnie:Maślanka Mrągowska naturalna."}], "images": ["data/images/8397ad85b5cd5ccc1b23e3a3ed82c02b.jpg"], "absolute_path": "Nabiał/Maślanki/Produkt 1"}
{"name": "Produkt 4", "url": "https://zakupy.biedronka.pl/zott-primo-zott-primo-bez-laktozy-jogurt-naturalny-180-g-0000005413.html", "title": "Zott Primo Bez laktozy Jogurt naturalny 180 g", "brand": "Zott Primo", "price": "2.39 PLN", "packaging_details": "0.18kg- 13,28 zł / kg", "description_sections": [{"header": "Opis produktu", "content": "Subrand:Bez laktozy"}, {"header": "Składniki i alergeny", "content": "Składniki:mleko,białkamleka,żywe kultury bakterii"}, {"header": "Pozostałe informacje", "content": "Nazwa wymagana prawnie:Jogurt naturalny."}], "images": ["data/images/7a8522865edd1e1e75d9e3be31fc9c2e.jpg"], "absolute_path": "Nabiał/Jogurty naturalne/Produkt 4"}
{"name": "Produkt 7", "url": "https://zakupy.biedronka.pl/fruvita-fruvita-skyr-wanilia-330-g-0000019294.html", "title": "Fruvita Skyr wanilia 330 g", "brand": "Fruvita", "price": "3.99 PLN", "packaging_details": "0.33kg- 12,09 zł / kg", "description_sections": [{"header": "Opis produktu", "content": "Nutriscore:E"}, {"header": "Składniki i alergeny", "content": "Składniki:mleko, białkamleka, cukier, naturalny aromat waniliowy, zagęszczony sok cytrynowy, ekstrakt wanilii, kultury bakterii jogurtowychAlergeny:Mleko i produkty pochodne (łącznie z laktozą)Inne informacje o zawartości produktu:Zawiera surowce GMO:Nie, \n\nZawiera aromaty:Tak, \n\nPoziom znakowania Nutriscore:E"}, {"header": "Wartość odżywcza", "content": "W 100 gWartość energetyczna kcal84 kcalZawartość tłuszczów (ogólnie)1.7 gKwasy tłuszczowe nasycone1 gZawartość węglowodanów10.6 gCukry10.6 gZawartość błonnika0.06 gZawartość białek7 gZawartość soli0.15 g"}, {"header": "Pozostałe informacje", "content": "Kraj pochodzenia:PolskaKraj pochodzenia zależy od konkretnej partii produktu jaka znajduje się w sklepie. Informację o kraju pochodzenia znajdziesz na opakowaniu. Możesz również dodać komentarz z preferowanym typem produktu w koszyku lub wiadomości dla shoppera (np. “prosze o pomidory polskie”).Dystrybutor:Jeronimo Martins Polska S.A.Żniwna 5 62-025 Kostrzyn PLImporter:Jeronimo Martins Polska S.A.Żniwna 5 62-025 Kostrzyn PLNazwa wymagana prawnie:Jogurt pitny waniliowy, o wysokiej zawartości białka"}], "images": ["data/images/c6a4837c2216a4ecda7c016e55e2181c.jpg"], "absolute_path": "Nabiał/Jogurty naturalne/Produkt 7"}
{"name": "Produkt 3", "url": "https://zakupy.biedronka.pl/fruvita-fruvita-skyr-naturalny-330-g-0000019295.html", "title": "Fruvita Skyr naturalny 330 g", "brand": "Fruvita", "price": "3.99 PLN", "packaging_details": "0.33kg- 12,09 zł / kg", "description_sections": [{"header": "Opis produktu", "content": "Nutriscore:C"}, {"header": "Składniki i alergeny", "content": "Składniki:mleko, białkamleka, kultury bakterii jogurtowychAlergeny:Mleko i produkty pochodne (łącznie z laktozą)Inne informacje o zawartości produktu:Zawiera surowce GMO:Nie, \n\nPoziom znakowania Nutriscore:C"}, {"header": "Wartość odżywcza", "content": "W 100 gWartość energetyczna kcal73 kcalZawartość tłuszczów (ogólnie)1.8 gKwasy tłuszczowe nasycone1.1 gZawartość węglowodanów6.4 gCukry6.4 gZawartość błonnika0 gZawartość białek7.8 gZawartość soli0.15 g"}, {"header": "Pozostałe informacje", "content": "Kraj pochodzenia:PolskaKraj pochodzenia zależy od konkretnej partii produktu jaka znajduje się w sklepie. Informację o kraju pochodzenia znajdziesz na opakowaniu. Możesz również dodać komentarz z preferowanym typem produktu w koszyku lub wiadomości dla shoppera (np. “prosze o pomidory polskie”).Dystrybutor:Jeronimo Martins Polska S.A.Żniwna 5 62-025 Kostrzyn PLImporter:Jeronimo Martins Polska S.A.Żniwna 5 62-025 Kostrzyn PLNazwa wymagana prawnie:Jogurt pitny naturalny, o wysokiej zawartości białka"}], "images": ["data/images/5a743588bbf8d7209325587f972523e3.jpg"], "absolute_path": "Nabiał/Jogurty naturalne/Produkt 3"}
{"name": "Produkt 5", "url": "https://zakupy.biedronka.pl/fruvita-fruvita-jogurt-naturalny-low-carb-150-g-0000011458.html", "title": "Fruvita Jogurt naturalny Low Carb 150 g", "brand": "Fruvita", "price": "2.99 PLN", "packaging_details": "0.15kg- 19,93 zł / kg", "description_sections": [{"header": "Opis produktu", "content": "Nutriscore:A"}, {"header": "Składniki i alergeny", "content": "Składniki:mlekoodtłuszczone o zredukowanej ilościlaktozy, śmietanka, kultury bakterii jogurtowychAlergeny:Mleko i produkty pochodne (łącznie z laktozą)Inne informacje o zawartości produktu:Zawiera surowce GMO:Nie, \n\nPoziom znakowania Nutriscore:A"}, {"header": "Wartość odżywcza", "content": "W 100 gWartość energetyczna kcal53 kcalZawartość tłuszczów (ogólnie)2 gKwasy tłuszczowe nasycone1.4 gZawartość węglowodanów0.8 gCukry0.8 gZawartość białek8 gZawartość soli0.1 g"}, {"header": "Pozostałe informacje", "content": "Producent:Jeronimo Martins Polska S.A.Dystrybutor:Jeronimo Martins Polska S.A.Żniwna 5 62-025 KostrzynImporter:Jeronimo Martins Polska S.A.Żniwna 5 62-025 Kostrzyn PLNazwa wymagana prawnie:Jogurt naturalny wysokobiałkowy o obniżonej zawartości węglowodanów"}], "images": ["data/images/822fa49dcd3aa703084f5eb5f8eb6fd3.jpg", "data/images/5b2e6032e79c0ae46c34fbb30c3b9346.jpg", "data/images/75b7bef90ac0151eb58dab4becc0a3ec.jpg", "data/images/6432cf8170a0f3bd6a0d9d1adac4b742.jpg"], "absolute_path": "Nabiał/Jogurty naturalne/Produkt 5"}
{"name": "Produkt 6", "url": "https://zakupy.biedronka.pl/fruvita-fruvita-skyr-naturalny-150-g-0000005341.html", "title": "Fruvita Skyr naturalny 150 g", "brand": "Fruvita", "price": "2.19 PLN", "packaging_details": "0.15kg- 14,60 zł / kg", "description_sections": [{"header": "Składniki i alergeny", "content": "Składniki:mlekoodtłuszczone, kultury bakterii jogurtowych"}, {"header": "Pozostałe informacje", "content": "Nazwa wymagana prawnie:Jogurt naturalny 0% tłuszczu o wysokiej zawartości białka"}], "images": ["data/images/b78a1516d213ac878a93097e67e3e575.jpg", "data/images/4f1815f9dd3aa2a56d507454491df3be.jpg", "data/images/07ebb3465d1fd387934e76195b064dbd.jpg", "data/images/2010b44637ac3f6c5f6bf4bf464da46d.jpg"], "absolute_path": "Nabiał/Jogurty naturalne/Produkt 6"}
{"name": "Produkt 8", "url": "https://zakupy.biedronka.pl/zott-primo-zott-primo-jogurt-naturalny-370-g-0000021240.html", "title": "Zott Primo Jogurt naturalny 370 g", "brand": "Zott Primo", "price": "3.79 PLN", "packaging_details": "0.37kg- 10,24 zł / kg", "description_sections": [{"header": "Składniki i alergeny", "content": "Składniki:mleko,białkamleka,żywe kultury bakteriiAlergeny:Zawiera Mleko"}, {"header": "Pozostałe informacje", "content": "Nazwa wymagana prawnie:Jogurt naturalny."}], "images": ["data/images/8bc45e3079ffedded45ffd1dc8e31787.jpg"], "absolute_path": "Nabiał/Jogurty naturalne/Produkt 8"}
{"name": "Produkt 3", "url": "https://zakupy.biedronka.pl/piatnica-piatnica-skyr-jogurt-typu-islandzkiego-z-mango-i-marakuja-150-g-0000008353.html", "title": "Piątnica Skyr jogurt typu islandzkiego z mango i marakują 150 g", "brand": "Piątnica", "price": "3.19 PLN", "packaging_details": "0.15kg- 21,27 zł / kg", "description_sections": [{"header": "Opis produktu", "content": "jogurt typu islandzkiego z mango i marakują"}, {"header": "Składniki i alergeny", "content": "Składniki:mlekopasteryzowane, wsad z mango i marakują 20%, (mango 35%, cukier, przecier marakui 5%, substancje zagęszczające: pektyny, mączka chleba świętojańskiego; naturalny aromat, zagęszczony sok cytrynowy), żywe kultury bakterii jogurtowych: Streptococcus thermophilus, Lactobaccilus burgalicus.Alergeny:Mleko i produkty pochodne (łącznie z laktozą)Inne informacje o zawartości produktu:Zawiera surowce GMO:Tak"}, {"header": "Wartość odżywcza", "content": "W 100 gWartość energetyczna kcal82 kcalZawartość tłuszczów (ogólnie)0 gKwasy tłuszczowe nasycone0 gZawartość węglowodanów11 gCukry11 gZawartość białek9.6 gZawartość soli0.06 g"}, {"header": "Pozostałe informacje", "content": "Kraj pochodzenia:PolskaKraj pochodzenia zależy od konkretnej partii produktu jaka znajduje się w sklepie. Informację o kraju pochodzenia znajdziesz na opakowaniu. Możesz również dodać komentarz z preferowanym typem produktu w koszyku lub wiadomości dla shoppera (np. “prosze o pomidory polskie”).Dystrybutor:Okręgowa Spółdzielnia Mleczarska w PiątnicyForteczna 3 18-421 Piątnicarecepcja@piatnica.com.plNazwa wymagana prawnie:jogurt typu islandzkiego z mango i  marakują 150 g"}], "images": ["data/images/1657be292f448c3487f3d9f4576b753b.jpg"], "absolute_path": "Nabiał/Jogurty owocowe/Produkt 3"}
{"name": "Produkt 2", "url": "https://zakupy.biedronka.pl/fruvita-fruvita-jogurt-typu-islandzkiego-skyr-jagoda-150-g-0000005332.html", "title": "Fruvita Jogurt typu islandzkiego Skyr jagoda 150 g", "brand": "Fruvita", "price": "2.29 PLN", "packaging_details": "0.15kg- 15,27 zł / kg", "description_sections": [{"header": "Opis produktu", "content": "Nutriscore:A"}, {"header": "Składniki i alergeny", "content": "Składniki:mlekoodtłuszczone, jagody 8%, cukier, stabilizatory: pektyny, mączka chleba świętojańskiego; aromat naturalny, substancja wiążąca: cytrynian trójwapniowy; kultury bakterii jogurtowychAlergeny:Mleko i produkty pochodne (łącznie z laktozą)Inne informacje o zawartości produktu:Zawiera surowce GMO:Nie, \n\nZawiera aromaty:Tak, \n\nPoziom znakowania Nutriscore:A, \n\nDodatki zawarte w produkcie (E-symbole):E440 Pektyny, E410 Mączka chleba świętojańskiego, guma karobowa, E333(iii) Cytrynian triwapniowy, \n\nFunkcje dodatków obecnych w produkcie (zadeklarowanych jako dodatki lub numery E):Stabilizator, Substancja wiążąca (teksturotwórcza)"}, {"header": "Wartość odżywcza", "content": "W 100 gWartość energetyczna kcal90 kcalZawartość tłuszczów (ogólnie)0 gKwasy tłuszczowe nasycone0 gZawartość węglowodanów12 gCukry12 gZawartość błonnika0.6 gZawartość białek9.6 gZawartość soli0.08 g"}, {"header": "Pozostałe informacje", "content": "Kraj pochodzenia:PolskaKraj pochodzenia zależy od konkretnej partii produktu jaka znajduje się w sklepie. Informację o kraju pochodzenia znajdziesz na opakowaniu. Możesz również dodać komentarz z preferowanym typem produktu w koszyku lub wiadomości dla shoppera (np. “prosze o pomidory polskie”).Producent:Jeronimo Martins Polska S.A.Dystrybutor:Jeronimo Martins Polska S.A.Żniwna 5 62-025 KostrzynImporter:Jeronimo Martins Polska S.A.Żniwna 5 62-025 Kostrzyn PLNazwa wymagana prawnie:Jogurt naturalny 0% tłuszczu o wysokiej zawartości białka, z wsadem jagodowym 20%"}], "images": ["data/images/6f395bdf3b685a0f931428f2d001efa3.jpg", "data/images/b63bac2b892fb055fc9c49e1038d7a8c.jpg", "data/images/69fdfa0b54fc4031b4a2e7ad93775380.jpg"], "absolute_path": "Nabiał/Jogurty owocowe/Produkt 2"}
{"name": "Produkt 1", "url": "https://zakupy.biedronka.pl/fruvita-fruvita-skyr-bez-laktozy-naturalny-150-g-0000009152.html", "title": "Fruvita Skyr bez laktozy naturalny 150 g", "brand": "Fruvita", "price": "2.99 PLN", "packaging_details": "0.15kg- 19,93 zł / kg", "description_sections": [{"header": "Składniki i alergeny", "content": "Składniki:mlekoodtłuszczone, kultury bakterii jogurtowychAlergeny:Mleko i produkty pochodne (łącznie z laktozą)Inne informacje o zawartości produktu:Zawiera surowce GMO:Nie"}, {"header": "Wartość odżywcza", "content": "W 100 gWartość energetyczna kcal65 kcalZawartość tłuszczów (ogólnie)0 gKwasy tłuszczowe nasycone0 gZawartość węglowodanów3.6 gCukry3.6 gZawartość błonnika0 gZawartość białek12 gZawartość soli0.11 g"}, {"header": "Pozostałe informacje", "content": "Producent:Lactalis Polska Sp. z o.o.Dystrybutor:Jeronimo Martins Polska S.A.Żniwna 5 62-025 KostrzynImporter:Jeronimo Martins Polska S.A.Żniwna 5 62-025 Kostrzyn PLNazwa wymagana prawnie:Jogurt naturalny 0% tłuszczu, o wysokiej zawartości białka bez laktozy"}], "images": ["data/images/4c37f23b21445e671c27eb9ebb5d6b7d.jpg", "data/images/4377f9ad0b2e42062830f253bd2dce8f.jpg", "data/images/b59e14213f4405c1c17fb5bfc9630af3.jpg", "data/images/1046f9bf815b1810dbb57e452d5ef565.jpg"], "absolute_path": "Nabiał/Jogurty owocowe/Produkt 1"}
{"name": "Produkt 4", "url": "https://zakupy.biedronka.pl/piatnica-piatnica-jogurt-skyr-z-truskawkami-150-g-0000008349.html", "title": "Piątnica Jogurt skyr z truskawkami 150 g", "brand": "Piątnica", "price": "3.19 PLN", "packaging_details": "0.15kg- 21,27 zł / kg", "description_sections": [{"header": "Opis produktu", "content": "Skyr to gęsty, kremowy jogurt bez tłuszczu, z wysoką zawartością naturalnego białka. Skyr owowcowy składa się z kremowego jogurtu na górze, a na dnie znajdują się owoce, które wzbogacają jego smak."}, {"header": "Składniki i alergeny", "content": "Składniki:mlekopasteryzowane, wsad truskawkowy 20% (truskawki 40%, cukier, zagęszczony sok z cytryny, substancje zagęszczające: pektyny, mączka chleba świętojańskiego; koncentrat soku z buraka czerwonego, naturalne aromaty), żywe kultury bakterii jogurtowych (Streptococcus thermophilus, Lactobacillus bulgaricus).Alergeny:Mleko i produkty pochodne (łącznie z laktozą)Inne informacje o zawartości produktu:Zawiera surowce GMO:Nie, \n\nZawiera substancje konserwujące:Nie"}, {"header": "Wartość odżywcza", "content": "W 100 gWartość energetyczna kcal82 kcalZawartość tłuszczów (ogólnie)0 gKwasy tłuszczowe nasycone0 gZawartość węglowodanów11 gCukry11 gZawartość białek9.6 gZawartość soli0.06 g"}, {"header": "Pozostałe informacje", "content": "Kraj pochodzenia:PolskaKraj pochodzenia zależy od konkretnej partii produktu jaka znajduje się w sklepie. Informację o kraju pochodzenia znajdziesz na opakowaniu. Możesz również dodać komentarz z preferowanym typem produktu w koszyku lub wiadomości dla shoppera (np. “prosze o pomidory polskie”).Dystrybutor:Okręgowa Spółdzielnia Mleczarska w PiątnicyForteczna 3 18-421 Piątnicarecepcja@piatnica.com.plNazwa wymagana prawnie:Jogurt typu islandzkiego z truskawkami"}], "images": ["data/images/5caa3eb5655b5ad5572c54baefa76761.jpg"], "absolute_path": "Nabiał/Jogurty owocowe/Produkt 4"}
{"name": "Produkt 5", "url": "https://zakupy.biedronka.pl/piatnica-piatnica-jogurt-skyr-z-jagodami-150-g-0000008352.html", "title": "Piątnica Jogurt skyr z jagodami 150 g", "brand": "Piątnica", "price": "3.19 PLN", "packaging_details": "0.15kg- 21,27 zł / kg", "description_sections": [{"header": "Opis produktu", "content": "Skyr to gęsty, kremowy jogurt bez tłuszczu, z wysoką zawartością naturalnego białka. Skyr owowcowy składa się z kremowego jogurtu na górze, a na dnie znajdują się owoce, które wzbogacają jego smak."}, {"header": "Składniki i alergeny", "content": "Składniki:mlekopasteryzowane, wsad jagodowy 20% (jagoda 40%, cukier, substancje zagęszczające: pektyny, mączka chleba świętojańskiego; naturalny aromat), żywe kultury bakterii jogurtowych (Streptococcus thermophilus, Lactobacillus bulgaricus).Alergeny:Mleko i produkty pochodne (łącznie z laktozą)Inne informacje o zawartości produktu:Zawiera surowce GMO:Nie, \n\nZawiera substancje konserwujące:Nie"}, {"header": "Wartość odżywcza", "content": "W 100 gWartość energetyczna kcal78 kcalZawartość tłuszczów (ogólnie)0 gKwasy tłuszczowe nasycone0 gZawartość węglowodanów10 gCukry10 gZawartość białek9.6 gZawartość soli0.06 g"}, {"header": "Pozostałe informacje", "content": "Kraj pochodzenia:PolskaKraj pochodzenia zależy od konkretnej partii produktu jaka znajduje się w sklepie. Informację o kraju pochodzenia znajdziesz na opakowaniu. Możesz również dodać komentarz z preferowanym typem produktu w koszyku lub wiadomości dla shoppera (np. “prosze o pomidory polskie”).Nazwa wymagana prawnie:Jogurt typu islandzkiego z jagodami"}], "images": ["data/images/7076f4c7a3ec84a310d94d854738f39e.jpg"], "absolute_path": "Nabiał/Jogurty owocowe/Produkt 5"}
{"name": "Produkt 9", "url": "https://zakupy.biedronka.pl/zott-jogobella-zott-jogobella-jogurt-truskawka-175-g-0000002530.html", "title": "Zott Jogobella Jogurt truskawka 175 g", "brand": "Zott Jogobella", "price": "2.19 PLN", "packaging_details": "0.175kg- 12,51 zł / kg", "description_sections": [{"header": "Składniki i alergeny", "content": "Składniki:jogurt*,owoce 10 % (truskawki, sok truskawkowy z koncentratu),cukier,koncentrat soku z buraków czerwonych,aromat,*zawiera składniki pochodzące zmlekaoraz żywe kultury bakteriiAlergeny:Zawiera MlekoInne informacje o zawartości produktu:Smaki / Aromaty:Zawiera, \n\nkonserwanty:Nie zawiera, \n\nSyrop glukozowy lub glukozowo-fruktozowy:Nie zawiera"}, {"header": "Wartość odżywcza", "content": "W 100 gWartość energetyczna90 kcalTłuszcz2.7 gw tym kwasy tłuszczowe nasycone1.8 gWęglowodany12 gw tym cukry11.4 gBiałko3.5 gSól0.14 g"}, {"header": "Pozostałe informacje", "content": "Producent:Zott Polska Sp. z o.o.,\nul. Chłodnicza 6,\n45-315 Opole\n\nProducent: patrz nadruk (O\\M) przed datą na wieczku.Dystrybutor:Zott Polska Sp. z o.o.ul. Chłodnicza 6 45-315 OpoleNazwa wymagana prawnie:Jogurt truskawkowy."}], "images": ["data/images/2033fca0b9f86431a6af04b87ab4b172.jpg"], "absolute_path": "Nabiał/Jogurty owocowe/Produkt 9"}
{"name": "Produkt 7", "url": "https://zakupy.biedronka.pl/zott-jogobella-zott-jogobella-jogurt-brzoskwinia-175-g-0000002527.html", "title": "Zott Jogobella Jogurt brzoskwinia 175 g", "brand": "Zott Jogobella", "price": "2.19 PLN", "packaging_details": "0.175kg- 12,51 zł / kg", "description_sections": [{"header": "Składniki i alergeny", "content": "Składniki:jogurt*,owoce 9 % (brzoskwinie i sok brzoskwiniowy z koncentratu 7,2 %, sok z marakui z koncentratu 1,8 %),cukier,aromat,*zawiera składniki pochodzące zmlekaoraz żywe kultury bakteriiAlergeny:Zawiera MlekoInne informacje o zawartości produktu:Smaki / Aromaty:Zawiera, \n\nkonserwanty:Nie zawiera, \n\nSyrop glukozowy lub glukozowo-fruktozowy:Nie zawiera"}, {"header": "Wartość odżywcza", "content": "W 100 gWartość energetyczna91 kcalTłuszcz2.7 gw tym kwasy tłuszczowe nasycone1.8 gWęglowodany12.2 gw tym cukry11.7 gBiałko3.5 gSól0.14 g"}, {"header": "Pozostałe informacje", "content": "Producent:Zott Polska Sp. z o.o.,\nul. Chłodnicza 6,\n45-315 Opole\n\nProducent: patrz nadruk (O\\M) przed datą na wieczku.Dystrybutor:Zott Polska Sp. z o.o.ul. Chłodnicza 6 45-315 OpoleNazwa wymagana prawnie:Jogurt brzoskwiniowy."}], "images": ["data/images/22418062e4d9f4cf63fc2a2cdffb124f.jpg"], "absolute_path": "Nabiał/Jogurty owocowe/Produkt 7"}
{"name": "Produkt 8", "url": "https://zakupy.biedronka.pl/fruvita-fruvita-jogurt-typu-islandzkiego-skyr-czerwona-czarna-porzeczka-150-g-0000005333.html", "title": "Fruvita Jogurt typu islandzkiego Skyr czerwona-czarna porzeczka 150 g", "brand": "Fruvita", "price": "2.29 PLN", "packaging_details": "0.15kg- 15,27 zł / kg", "description_sections": [{"header": "Opis produktu", "content": "Nutriscore:A"}, {"header": "Składniki i alergeny", "content": "Składniki:mlekoodtłuszczone, owoce 8% (czerwona porzeczka 4%, czarna porzeczka 4%), cukier, stabilizatory: pektyny, mączka chleba świętojańskiego; koncentrat czarnej marchwi, aromat naturalny, substancja wiążąca: cytrynian trójwapniowy; kultury bakterii jogurtowychAlergeny:Mleko i produkty pochodne (łącznie z laktozą)Inne informacje o zawartości produktu:Zawiera surowce GMO:Nie, \n\nZawiera aromaty:Tak, \n\nPoziom znakowania Nutriscore:A, \n\nDodatki zawarte w produkcie (E-symbole):E440 Pektyny, E410 Mączka chleba świętojańskiego, guma karobowa, E333(iii) Cytrynian triwapniowy, \n\nFunkcje dodatków obecnych w produkcie (zadeklarowanych jako dodatki lub numery E):Stabilizator, Substancja wiążąca (teksturotwórcza)"}, {"header": "Wartość odżywcza", "content": "W 100 gWartość energetyczna kcal90 kcalZawartość tłuszczów (ogólnie)0 gKwasy tłuszczowe nasycone0 gZawartość węglowodanów12 gCukry12 gZawartość błonnika0.6 gZawartość białek9.6 gZawartość soli0.1 g"}, {"header": "Pozostałe informacje", "content": "Kraj pochodzenia:PolskaKraj pochodzenia zależy od konkretnej partii produktu jaka znajduje się w sklepie. Informację o kraju pochodzenia znajdziesz na opakowaniu. Możesz również dodać komentarz z preferowanym typem produktu w koszyku lub wiadomości dla shoppera (np. “prosze o pomidory polskie”).Producent:Jeronimo Martins Polska S.A.Dystrybutor:Jeronimo Martins Polska S.A.Żniwna 5 62-025 KostrzynImporter:Jeronimo Martins Polska S.A.Żniwna 5 62-025 Kostrzyn PLNazwa wymagana prawnie:Jogurt naturalny 0% tłuszczu o wysokiej zawartości białka, z wsadem czerwona-czarna porzeczka 20%"}], "images": ["data/images/9e539a6b13494a2f9589f846fc3207b5.jpg", "data/images/7e74f897e3123f5cd6f6af229c84973e.jpg", "data/images/d6311f009eecb3dd81cd4924a2d559f2.jpg"], "absolute_path": "Nabiał/Jogurty owocowe/Produkt 8"}
{"name": "Produkt 6", "url": "https://zakupy.biedronka.pl/piatnica-piatnica-skyr-jogurt-typu-islandzkiego-waniliowy-150-g-0000024097.html", "title": "Piątnica Skyr jogurt typu islandzkiego waniliowy 150 g", "brand": "Piątnica", "price": "3.19 PLN", "packaging_details": "0.15kg- 21,27 zł / kg", "description_sections": [{"header": "Składniki i alergeny", "content": "Alergeny:Zawiera MlekoInne informacje o zawartości produktu:Smaki / Aromaty:Zawiera"}, {"header": "Wartość odżywcza", "content": "W 100 gWartość energetyczna82 kcalTłuszcz0 gw tym kwasy tłuszczowe nasycone0 gWęglowodany11 gw tym cukry11 gBiałko9.6 gSól0.06 g"}, {"header": "Przechowywanie i sposób przygotowania", "content": "Sposób podania:Spożyć bezpośrednio po otwarciu opakowania."}, {"header": "Pozostałe informacje", "content": "Producent:Okręgowa Spółdzielnia Mleczarska w Piątnicy\nul. Forteczna 3,\n18-421 Piątnica,\nPolska\ntel: +48 86 215 64 00\nwww.piatnica.com.plDystrybutor:Jeronimo Martins Polska S.A.Żniwna 5 62-025 Kostrzyn PLImporter:Jeronimo Martins Polska S.A.Żniwna 5 62-025 Kostrzyn PLNazwa wymagana prawnie:Jogurt typu islandzkiego waniliowy."}], "images": ["data/images/290ef3106d80bef426e17b7bdad550b9.jpg"], "absolute_path": "Nabiał/Jogurty owocowe/Produkt 6"}
{"name": "Produkt 12", "url": "https://zakupy.biedronka.pl/zott-jogobella-zott-jogobella-jogurt-wisnia-175-g-0000002531.html", "title": "Zott Jogobella Jogurt wiśnia 175 g", "brand": "Zott Jogobella", "price": "2.19 PLN", "packaging_details": "0.175kg- 12,51 zł / kg", "description_sections": [{"header": "Składniki i alergeny", "content": "Składniki:jogurt*,owoce 9 % (wiśnie, sok wiśniowy z koncentratu),cukier,koncentrat soku z buraków czerwonych,koncentrat z aronii,koncentrat z marchwi,koncentrat z winogron,aromat,*zawiera składniki pochodzące zmlekaoraz żywe kultury bakteriiAlergeny:Zawiera MlekoInne informacje o zawartości produktu:Smaki / Aromaty:Zawiera, \n\nkonserwanty:Nie zawiera, \n\nSyrop glukozowy lub glukozowo-fruktozowy:Nie zawiera"}, {"header": "Wartość odżywcza", "content": "W 100 gWartość energetyczna89 kcalTłuszcz2.7 gw tym kwasy tłuszczowe nasycone1.8 gWęglowodany11.6 gw tym cukry11 gBiałko3.5 gSól0.15 g"}, {"header": "Pozostałe informacje", "content": "Producent:Zott Polska Sp. z o.o.,\nul. Chłodnicza 6,\n45-315 Opole\n\nProducent: patrz nadruk (O\\M) przed datą na wieczku.Dystrybutor:Zott Polska Sp. z o.o.ul. Chłodnicza 6 45-315 OpoleNazwa wymagana prawnie:Jogurt wiśniowy."}], "images": ["data/images/402110aa05d0e691c6924635b9003578.jpg"], "absolute_path": "Nabiał/Jogurty owocowe/Produkt 12"}
{"name": "Produkt 13", "url": "https://zakupy.biedronka.pl/fantasia-fantasia-jogurt-kremowy-z-truskawkami-118-g-0000004055.html", "title": "Fantasia Jogurt kremowy z truskawkami 118 g", "brand": "Fantasia", "price": "2.99 PLN", "packaging_details": "0.118kg- 25,34 zł / kg", "description_sections": [{"header": "Opis produktu", "content": "Mieszasz? Czy jesz osobno? Teraz każdy sposób rozkoszowania się aksamitnym jogurtem Fantasia i soczystym smakiem truskawki jest dobry! Dzięki wygodnemu, dwukomorowemu kubeczkowi to Ty decydujesz jak jesz Fantasia! Jedz tak jak lubisz!Nutriscore:C"}, {"header": "Składniki i alergeny", "content": "Składniki:mlekoodtłuszczone,wsad owocowy (truskawki 13,7 %, cukier, skrobia modyfikowana, substancje zagęszczające: karagen, guma ksantanowa; koncentrat soku z czarnej marchwi, regulatory kwasowości: cytryniany sodu, kwas cytrynowy; naturalny aromat),śmietanka,cukier,żywe kultury bakterii jogurtowych,mlekoodtłuszczone w proszkuAlergeny:Może zawierać Zboża zawierające gluten, \n\nMoże zawierać Jaja, \n\nZawiera Mleko, \n\nMoże zawierać Orzechy, \n\nMoże zawierać Orzeszki ziemne, \n\nMoże zawierać Soja"}, {"header": "Wartość odżywcza", "content": "W 100 gWartość energetyczna118 kcalTłuszcz5.3 gw tym kwasy tłuszczowe nasycone3.4 gWęglowodany15.2 gw tym cukry14.8 gBiałko2.3 gSól0.09 g"}, {"header": "Pozostałe informacje", "content": "Kraj pochodzenia:PolskaKraj pochodzenia zależy od konkretnej partii produktu jaka znajduje się w sklepie. Informację o kraju pochodzenia znajdziesz na opakowaniu. Możesz również dodać komentarz z preferowanym typem produktu w koszyku lub wiadomości dla shoppera (np. “prosze o pomidory polskie”).Nazwa wymagana prawnie:Fantasia Jogurt kremowy z truskawkami 118 g"}], "images": ["data/images/b31b37d0430f455be474f6d87595c7b4.jpg"], "absolute_path": "Nabiał/Jogurty owocowe/Produkt 13"}
{"name": "Produkt 11", "url": "https://zakupy.biedronka.pl/zott-jogobella-zott-jogobella-jogurt-malina-175-g-0000002529.html", "title": "Zott Jogobella Jogurt malina 175 g", "brand": "Zott Jogobella", "price": "2.19 PLN", "packaging_details": "0.175kg- 12,51 zł / kg", "description_sections": [{"header": "Składniki i alergeny", "content": "Składniki:jogurt*,cukier,owoce 6,3 % (maliny, sok malinowy z koncentratu),koncentrat soku z buraków czerwonych,aromat,*zawiera składniki pochodzące zmlekaoraz żywe kultury bakteriiAlergeny:Zawiera MlekoInne informacje o zawartości produktu:Smaki / Aromaty:Zawiera, \n\nkonserwanty:Nie zawiera, \n\nSyrop glukozowy lub glukozowo-fruktozowy:Nie zawiera"}, {"header": "Wartość odżywcza", "content": "W 100 gWartość energetyczna89 kcalTłuszcz2.7 gw tym kwasy tłuszczowe nasycone1.8 gWęglowodany11.5 gw tym cukry10.9 gBiałko3.5 gSól0.15 g"}, {"header": "Pozostałe informacje", "content": "Producent:Zott Polska Sp. z o.o.,\nul. Chłodnicza 6,\n45-315 Opole\n\nProducent: patrz nadruk (O\\M) przed datą na wieczku.Dystrybutor:Zott Polska Sp. z o.o.ul. Chłodnicza 6 45-315 OpoleNazwa wymagana prawnie:Jogurt malinowy."}], "images": ["data/images/de6472f703e8b74ea1c9b522ca5815ab.jpg"], "absolute_path": "Nabiał/Jogurty owocowe/Produkt 11"}
{"name": "Produkt 14", "url": "https://zakupy.biedronka.pl/fruvita-fruvita-jogurt-o-smaku-jagodowym-low-carb-150-g-0000011456.html", "title": "Fruvita Jogurt o smaku jagodowym Low Carb 150 g", "brand": "Fruvita", "price": "2.99 PLN", "packaging_details": "0.15kg- 19,93 zł / kg", "description_sections": [{"header": "Opis produktu", "content": "Nutriscore:A"}, {"header": "Składniki i alergeny", "content": "Składniki:mlekoodtłuszczone o zredukowanej ilościlaktozy, śmietanka, koncentrat z czarnej marchwi, zagęszczony sok z cytryny, naturalny aromat, naturalny aromat jagodowy, substancja słodząca: sukraloza, kultury bakterii jogurtowychAlergeny:Mleko i produkty pochodne (łącznie z laktozą)Inne informacje o zawartości produktu:Zawiera surowce GMO:Nie, \n\nInformacje szczegółowe dotyczące środków słodzących:zawiera substancję słodzącą, \n\nZawiera aromaty:Tak, \n\nPoziom znakowania Nutriscore:A"}, {"header": "Wartość odżywcza", "content": "W 100 gWartość energetyczna kcal47 kcalZawartość tłuszczów (ogólnie)1.7 gKwasy tłuszczowe nasycone1.2 gZawartość węglowodanów1.2 gCukry0.7 gZawartość białek6.8 gZawartość soli0.09 g"}, {"header": "Pozostałe informacje", "content": "Producent:Jeronimo Martins Polska S.A.Dystrybutor:Jeronimo Martins Polska S.A.Żniwna 5 62-025 KostrzynImporter:Jeronimo Martins Polska S.A.Żniwna 5 62-025 Kostrzyn PLNazwa wymagana prawnie:Jogurt o smaku jagodowym wysokobiałkowy o obniżonej zawartości węglowodanów"}], "images": ["data/images/19b8be7a7e5b03449b98e330568736b3.jpg", "data/images/73223cd803102fa505527e27183de370.jpg", "data/images/82e5e1f74d2be7462c9f4cf3f24f0078.jpg", "data/images/080d9fcbd047badf26424d5c9e136591.jpg"], "absolute_path": "Nabiał/Jogurty owocowe/Produkt 14"}
{"name": "Produkt 10", "url": "https://zakupy.biedronka.pl/fruvita-fruvita-skyr-bez-laktozy-wanilia-150-g-0000009153.html", "title": "Fruvita Skyr bez laktozy wanilia 150 g", "brand": "Fruvita", "price": "2.99 PLN", "packaging_details": "0.15kg- 19,93 zł / kg", "description_sections": [{"header": "Składniki i alergeny", "content": "Składniki:mleko, cukier, naturalny aromat waniliowy, koncentrat z marchwi, koncentrat z krokosza barwierskiego, kultury bakterii jogurtowychAlergeny:Mleko i produkty pochodne (łącznie z laktozą)Inne informacje o zawartości produktu:Zawiera surowce GMO:Nie, \n\nInformacje szczegółowe dotyczące środków słodzących:zawiera cukier (cukry) i substancję słodzącą, \n\nZawiera aromaty:Tak"}, {"header": "Wartość odżywcza", "content": "W 100 gWartość energetyczna kcal79 kcalZawartość tłuszczów (ogólnie)0 gKwasy tłuszczowe nasycone0 gZawartość węglowodanów9 gCukry8.6 gZawartość błonnika0.4 gZawartość białek10 gZawartość soli0.1 g"}, {"header": "Pozostałe informacje", "content": "Producent:Lactalis Polska Sp. z o.o.Dystrybutor:Jeronimo Martins Polska S.A.Żniwna 5 62-025 KostrzynImporter:Jeronimo Martins Polska S.A.Żniwna 5 62-025 Kostrzyn PLNazwa wymagana prawnie:Jogurt waniliowy 0% tłuszczu, o wysokiej zawartości białka bez laktozy"}], "images": ["data/images/920c5e6b1bd3929661433d2c8ff45ef3.jpg", "data/images/78e38db8c5a20b8e72abbf599dd2d498.jpg", "data/images/3dc8ca5f2826cd266ab22c3bbe83d534.jpg", "data/images/f979dc266d0a087c656b0f53c9bafc6a.jpg"], "absolute_path": "Nabiał/Jogurty owocowe/Produkt 10"}
{"name": "Produkt 17", "url": "https://zakupy.biedronka.pl/fantasia-fantasia-jogurt-z-wisniami-118-g-0000004060.html", "title": "Fantasia Jogurt z wiśniami 118 g", "brand": "Fantasia", "price": "2.99 PLN", "packaging_details": "0.118kg- 25,34 zł / kg", "description_sections": [{"header": "Opis produktu", "content": "Danone Fantasia jogurt kremowy z wiśniami znajduje się w dwufazowym kubeczku. Zdecyduj, jak chcesz go zjeść - wymieszaj kremowy jogurt z wiśniami lub zjedz je osobno. To Twoja chwila przyjemności. Delektuj się Danone Fantasia tak, jak lubisz najbardziej - to przepyszna przekąska o każdej porze dnia!Odłóż na moment swoje codzienne obowiązki i pozwól sobie na chwilę przerwy. Celebruj moment przyjemności i znajdź swój ulubiony smak Danone Fantasia.Moja Fantasia. Moja chwila."}, {"header": "Składniki i alergeny", "content": "Składniki:Składniki:mlekoodtłuszczone, wsad owocowy (wiśnie 11,9 %, cukier, skrobia modyfikowana, regulatory kwasowości: kwas cytrynowy, cytryniany sodu; koncentrat soku z hibiskusa i z marchwi, substancje zagęszczające: karagen, guma ksantanowa; aromat), śmietanka, cukier, żywe kultury bakterii jogurtowych,mlekoodtłuszczone w proszku.Alergeny:Mleko i produkty pochodne (łącznie z laktozą)Inne informacje o zawartości produktu:Zawiera surowce GMO:Nie, \n\nOświadczenie o poprawności danych:tak, wprowadziłam/em wszystkie wymagane prawem informacje"}, {"header": "Wartość odżywcza", "content": "W 100 gWartość energetyczna kcal121 kcalZawartość tłuszczów (ogólnie)5.3 gKwasy tłuszczowe nasycone3.4 gZawartość węglowodanów15.9 gCukry15.4 gZawartość białek2.3 gZawartość soli0.13 g"}, {"header": "Pozostałe informacje", "content": "Kraj pochodzenia:PolskaKraj pochodzenia zależy od konkretnej partii produktu jaka znajduje się w sklepie. Informację o kraju pochodzenia znajdziesz na opakowaniu. Możesz również dodać komentarz z preferowanym typem produktu w koszyku lub wiadomości dla shoppera (np. “prosze o pomidory polskie”).Dystrybutor:Danone Sp. z o.o.Redutowa 9/23 01-103 Warszawarecepcja.warszawa@danone.comNazwa wymagana prawnie:Fantasia Jogurt kremowy z wiśniami 118g"}], "images": ["data/images/99651dc318656727833cb883edcce51c.jpg"], "absolute_path": "Nabiał/Jogurty owocowe/Produkt 17"}
{"name": "Produkt 16", "url": "https://zakupy.biedronka.pl/fruvita-fruvita-jogurt-z-granola-i-truskawkami-230-g-0000007083.html", "title": "Fruvita Jogurt z granolą i truskawkami 230 g", "brand": "Fruvita", "price": "4.45 PLN", "packaging_details": "0.23kg- 19,35 zł / kg", "description_sections": [{"header": "Składniki i alergeny", "content": "Składniki:jogurt65% (mleko, śmietanka, cukier, kultury bakterii jogurtowych); wsad truskawkowy 22% (truskawki 50%, cukier, skrobia modyfikowana kukurydziana, koncentrat soku z marchwi, substancja zagęszczająca: pektyny; regulator kwasowości: kwas cytrynowy, cytryniany sodu; naturalny aromat, substancja wiążąca: cytryniany wapnia); granola 13% [płatkiowsiane54%, cukier, wiórki kokosowe, olej słonecznikowy, skrobia kukurydziana, miód, mąkajęczmienna, mąka kukurydziana, odtłuszczonemlekow proszku, karmel (cukier, syrop glukozowy), sól, aromat]. Produkt może zawierać:sojęi produkty pochodne.Alergeny:Mleko i produkty pochodne (łącznie z laktozą), \n\nZboża zawierajace gluten, \n\nJęczmień i produkty jęczmienne, \n\nOwies i produkty owsianeInne informacje o zawartości produktu:Zawiera surowce GMO:Nie, \n\nInformacje szczegółowe dotyczące środków słodzących:zawiera syrop glukozowy lub glukozowo-fruktozowy, \n\nZawiera aromaty:Tak, \n\nDodatkowe informacje na temat produktu:Dodatki sypkie stanowią integralną część opakowania jednostkowego. Nie mogą być sprzedawane oddzielnie i zamieniane między produktami tej samej gamy."}, {"header": "Wartość odżywcza", "content": "W 100 gWartość energetyczna kcal165 kcalZawartość tłuszczów (ogólnie)7.6 gKwasy tłuszczowe nasycone4 gZawartość węglowodanów20.5 gCukry14.9 gZawartość błonnika1.1 gZawartość białek3.2 gZawartość soli0.08 g"}, {"header": "Przechowywanie i sposób przygotowania", "content": "Sposób przygotowania:Spożyć bezpośrednio po otwarciu. Wymieszać przed spożyciem."}, {"header": "Pozostałe informacje", "content": "Dystrybutor:Jeronimo Martins Polska S.A.Żniwna 5 62-025 KostrzynNazwa wymagana prawnie:Jogurt kremowy z truskawkami oraz granolą"}], "images": ["data/images/fe0532e9d62dccb31bc2ff02e5348af1.jpg", "data/images/2159439dbb4a7dbe4b415b91a3e18298.jpg", "data/images/e422d94ca0ac21ea1c111c5c11fbe6ce.jpg"], "absolute_path": "Nabiał/Jogurty owocowe/Produkt 16"}
{"name": "Produkt 18", "url": "https://zakupy.biedronka.pl/fruvita-fruvita-pure-jogurt-owoce-mango-banan-marakuja-150-g-0000007639.html", "title": "Fruvita Pure jogurt owoce mango banan marakuja 150 g", "brand": "Fruvita", "price": "2.59 PLN", "packaging_details": "0.15kg- 17,27 zł / kg", "description_sections": [{"header": "Składniki i alergeny", "content": "Składniki:jogurtnaturalny 70%, owoce 30% (mango 18%, banan 9,6%, sok z marakui 2,4%)Alergeny:Mleko i produkty pochodne (łącznie z laktozą)Inne informacje o zawartości produktu:Zawiera surowce GMO:Nie"}, {"header": "Wartość odżywcza", "content": "W 100 gWartość energetyczna kcal88 kcalZawartość tłuszczów (ogólnie)3.1 gKwasy tłuszczowe nasycone1.8 gZawartość węglowodanów10.6 gCukry9.3 gZawartość błonnika0.8 gZawartość białek3.9 gZawartość soli0.15 g"}, {"header": "Przechowywanie i sposób przygotowania", "content": "Sposób przygotowania:Spożyć bezpośrednio po otwarciu."}, {"header": "Pozostałe informacje", "content": "Producent:Lactalis Polska Sp. z o.o.Dystrybutor:Jeronimo Martins Polska S.A.Żniwna 5 62-025 KostrzynImporter:Jeronimo Martins Polska S.A.Żniwna 5 62-025 Kostrzyn PLNazwa wymagana prawnie:Jogurt z owocami (mango, banan, marakuja)"}], "images": ["data/images/fbc729a777c1a75a0e532894e4d3fc7f.jpg", "data/images/38f2df280a2ca8c49e88fb7e9575a655.jpg", "data/images/04d3afba52383175d7b313f9076c541b.jpg"], "absolute_path": "Nabiał/Jogurty owocowe/Produkt 18"}
{"name": "Produkt 15", "url": "https://zakupy.biedronka.pl/fruvita-fruvita-jogurt-z-granola-i-brzoskwiniami-230-g-0000007082.html", "title": "Fruvita Jogurt z granolą i brzoskwiniami 230 g", "brand": "Fruvita", "price": "4.45 PLN", "packaging_details": "0.23kg- 19,35 zł / kg", "description_sections": [{"header": "Składniki i alergeny", "content": "Składniki:jogurt65% (mleko, śmietanka, cukier, kultury bakterii jogurtowych); wsad brzoskwiniowy 22% (brzoskwinie 50%, cukier, skrobia modyfikowana kukurydziana, regulator kwasowości: kwas cytrynowy, cytryniany sodu; koncentrat z marchwi, substancja zagęszczająca: pektyny, naturalny aromat, substancja wiążąca: cytryniany wapnia); granola 13% [płatkiowsiane54%, cukier, wiórki kokosowe, olej słonecznikowy, skrobia kukurydziana, miód, mąkajęczmienna, mąka kukurydziana, odtłuszczonemlekow proszku, karmel (cukier, syrop glukozowy), sól, aromat]. Produkt może zawierać:sojęi produkty pochodne.Alergeny:Mleko i produkty pochodne (łącznie z laktozą), \n\nZboża zawierajace gluten, \n\nJęczmień i produkty jęczmienne, \n\nOwies i produkty owsianeInne informacje o zawartości produktu:Zawiera surowce GMO:Nie, \n\nInformacje szczegółowe dotyczące środków słodzących:zawiera syrop glukozowy lub glukozowo-fruktozowy, \n\nZawiera aromaty:Tak, \n\nDodatkowe informacje na temat produktu:Dodatki sypkie stanowią integralną część opakowania jednostkowego. Nie mogą być sprzedawane oddzielnie i zamieniane między produktami tej samej gamy."}, {"header": "Wartość odżywcza", "content": "W 100 gWartość energetyczna kcal165 kcalZawartość tłuszczów (ogólnie)7.6 gKwasy tłuszczowe nasycone4 gZawartość węglowodanów20.5 gCukry14.9 gZawartość błonnika1.1 gZawartość białek3.2 gZawartość soli0.08 g"}, {"header": "Przechowywanie i sposób przygotowania", "content": "Sposób przygotowania:Spożyć bezpośrednio po otwarciu. Wymieszać przed spożyciem."}, {"header": "Pozostałe informacje", "content": "Dystrybutor:Jeronimo Martins Polska S.A.Żniwna 5 62-025 KostrzynNazwa wymagana prawnie:Jogurt kremowy z brzoskwiniami oraz granolą"}], "images": ["data/images/33594a1506d35d1aa28ed1b17bbecdc3.jpg", "data/images/689dd35ea65898f744ca89cd20895394.jpg", "data/images/14c075b914e3ccf51c4c57cba24eae88.jpg"], "absolute_path": "Nabiał/Jogurty owocowe/Produkt 15"}
{"name": "Produkt 19", "url": "https://zakupy.biedronka.pl/fruvita-fruvita-skyr-o-smaku-mango-marakuja-330-g-0000019296.html", "title": "Fruvita Skyr o smaku mango-marakuja 330 g", "brand": "Fruvita", "price": "3.99 PLN", "packaging_details": "0.33kg- 12,09 zł / kg", "description_sections": [{"header": "Opis produktu", "content": "Nutriscore:D"}, {"header": "Składniki i alergeny", "content": "Składniki:mleko, białkamleka, mango 5,5 % (rozdrobnione mango 2,75 %, przecier mango 2,75 %), cukier, marakuja (przecier) 2,5 %, naturalny aromat, kultury bakterii jogurtowych."}, {"header": "Pozostałe informacje", "content": "Dystrybutor:Jeronimo Martins Polska S.A.Żniwna 5 62-025 Kostrzyn PLImporter:Jeronimo Martins Polska S.A.Żniwna 5 62-025 Kostrzyn PLNazwa wymagana prawnie:Jogurt pitny mango-marakuja, o wysokiej zawartości białka."}], "images": ["data/images/c7012bef07436cb9168323707527de16.jpg"], "absolute_path": "Nabiał/Jogurty owocowe/Produkt 19"}
{"name": "Produkt 1", "url": "https://zakupy.biedronka.pl/piatnica-piatnica-jogurt-pitny-skyr-jagodowy-330-ml-0000006523.html", "title": "Piątnica Jogurt pitny Skyr jagodowy 330 ml", "brand": "Piątnica", "price": "4.89 PLN", "packaging_details": "0.33l- 14,82 zł / l", "description_sections": [{"header": "Opis produktu", "content": "Skyr pitny jagodowy to pyszny, owocowy jogurt z wysoką zawartością naturalnego białka - 6.5 g\\100 g jogurtu. To doskonała przekąska dla osób prowadzących aktywny i zdrowy tryb życia. Idealnie wpisuje się w trend „on the go” oraz w coraz popularniejszy ma polskim rynku trend zdrowego żywienia i zdrowych przekąsek, zapewniających energię podczas aktywnego dnia. Produkowany jest z wysokiej jakości mleka od krów karmionych paszami bez GMO."}, {"header": "Składniki i alergeny", "content": "Składniki:mlekopasteryzowane, jagoda 8% (w tym przecier jagodowy z zagęszczonego przecieru 4%), cukier, aromat naturalny, żywe kultury bakterii jogurtowych ( Streptococcus thermophilus, Lactobacillus bulgaricus)Inne informacje o zawartości produktu:Zawiera surowce GMO:Nie"}, {"header": "Wartość odżywcza", "content": "W 100 gWartość energetyczna kcal345 kcalZawartość tłuszczów (ogólnie)1.5 gKwasy tłuszczowe nasycone1.1 gZawartość węglowodanów10.5 gCukry10 gZawartość białek6.5 gZawartość soli0.08 g"}, {"header": "Pozostałe informacje", "content": "Kraj pochodzenia:PolskaKraj pochodzenia zależy od konkretnej partii produktu jaka znajduje się w sklepie. Informację o kraju pochodzenia znajdziesz na opakowaniu. Możesz również dodać komentarz z preferowanym typem produktu w koszyku lub wiadomości dla shoppera (np. “prosze o pomidory polskie”).Nazwa wymagana prawnie:Jogurt pitny Skyr jagodowy 330 ml"}], "images": ["data/images/6c5e02202635c58fcda4017a90cdf004.jpg"], "absolute_path": "Nabiał/Jogurty pitne/Produkt 1"}
{"name": "Produkt 21", "url": "https://zakupy.biedronka.pl/fruvita-fruvita-pure-jogurt-owoce-jagoda-banan-150-g-0000007640.html", "title": "Fruvita Pure jogurt owoce jagoda banan 150 g", "brand": "Fruvita", "price": "2.59 PLN", "packaging_details": "0.15kg- 17,27 zł / kg", "description_sections": [{"header": "Składniki i alergeny", "content": "Składniki:jogurtnaturalny 70%, owoce 30% (banan 18%, jagody 12%)Alergeny:Mleko i produkty pochodne (łącznie z laktozą)Inne informacje o zawartości produktu:Zawiera surowce GMO:Nie"}, {"header": "Wartość odżywcza", "content": "W 100 gWartość energetyczna kcal91 kcalZawartość tłuszczów (ogólnie)3.1 gKwasy tłuszczowe nasycone1.8 gZawartość węglowodanów11.3 gCukry8.8 gZawartość błonnika0.8 gZawartość białek4 gZawartość soli0.15 g"}, {"header": "Przechowywanie i sposób przygotowania", "content": "Sposób przygotowania:Spożyć bezpośrednio po otwarciu."}, {"header": "Pozostałe informacje", "content": "Producent:Lactalis Polska Sp. z o.o.Dystrybutor:Jeronimo Martins Polska S.A.Żniwna 5 62-025 KostrzynImporter:Jeronimo Martins Polska S.A.Żniwna 5 62-025 Kostrzyn PLNazwa wymagana prawnie:Jogurt z owocami (jagoda, banan)"}], "images": ["data/images/6293adb36b33eded44b53497379e1c7d.jpg", "data/images/350c44669fc3d6d660755de93b99a35b.jpg", "data/images/eeceb9d0766e40bc26f9778c04108fc6.jpg"], "absolute_path": "Nabiał/Jogurty owocowe/Produkt 21"}
{"name": "Produkt 22", "url": "https://zakupy.biedronka.pl/fruvita-fruvita-jogurt-waniliowy-low-carb-150-g-0000011457.html", "title": "Fruvita Jogurt waniliowy Low Carb 150 g", "brand": "Fruvita", "price": "2.99 PLN", "packaging_details": "0.15kg- 19,93 zł / kg", "description_sections": [{"header": "Opis produktu", "content": "Nutriscore:A"}, {"header": "Składniki i alergeny", "content": "Składniki:mlekoodtłuszczone o zredukowanej ilościlaktozy, śmietanka, naturalny aromat waniliowy, zagęszczony sok z cytryny, substancja słodząca: sukraloza, kultury bakterii jogurtowychAlergeny:Mleko i produkty pochodne (łącznie z laktozą)Inne informacje o zawartości produktu:Zawiera surowce GMO:Nie, \n\nInformacje szczegółowe dotyczące środków słodzących:zawiera substancję słodzącą, \n\nZawiera aromaty:Tak, \n\nPoziom znakowania Nutriscore:A"}, {"header": "Wartość odżywcza", "content": "W 100 gWartość energetyczna kcal47 kcalZawartość tłuszczów (ogólnie)1.7 gKwasy tłuszczowe nasycone1.2 gZawartość węglowodanów1.2 gCukry0.7 gZawartość białek6.8 gZawartość soli0.09 g"}, {"header": "Pozostałe informacje", "content": "Producent:Jeronimo Martins Polska S.A.Dystrybutor:Jeronimo Martins Polska S.A.Żniwna 5 62-025 KostrzynImporter:Jeronimo Martins Polska S.A.Żniwna 5 62-025 Kostrzyn PLNazwa wymagana prawnie:Jogurt o waniliowy wysokobiałkowy o obniżonej zawartości węglowodanów"}], "images": ["data/images/efae2f2a3381059bb0d61f9c1fd10213.jpg", "data/images/8f5bbc77880aeaf0f91eaba3be75dd6e.jpg", "data/images/291666f79c9d4d1d4a728f2522a98cfc.jpg", "data/images/dcaaaac0753a88b2b954b24cf227cf47.jpg"], "absolute_path": "Nabiał/Jogurty owocowe/Produkt 22"}
{"name": "Produkt 23", "url": "https://zakupy.biedronka.pl/fruvita-fruvita-skyr-bez-laktozy-truskawka-150-g-0000009154.html", "title": "Fruvita Skyr bez laktozy truskawka 150 g", "brand": "Fruvita", "price": "2.99 PLN", "packaging_details": "0.15kg- 19,93 zł / kg", "description_sections": [{"header": "Składniki i alergeny", "content": "Składniki:mleko, truskawki 8%, cukier, aromat naturalny zagęszczony sok z cytryny, koncentrat z marchwi, kultury bakterii jogurtowychAlergeny:Mleko i produkty pochodne (łącznie z laktozą)Inne informacje o zawartości produktu:Zawiera surowce GMO:Nie, \n\nInformacje szczegółowe dotyczące środków słodzących:zawiera cukier (cukry) i substancję słodzącą, \n\nZawiera aromaty:Tak"}, {"header": "Wartość odżywcza", "content": "W 100 gWartość energetyczna kcal83 kcalZawartość tłuszczów (ogólnie)0 gKwasy tłuszczowe nasycone0 gZawartość węglowodanów10 gCukry10 gZawartość błonnika0.4 gZawartość białek9.5 gZawartość soli0.1 g"}, {"header": "Pozostałe informacje", "content": "Producent:Lactalis Polska Sp. z o.o.Dystrybutor:Jeronimo Martins Polska S.A.Żniwna 5 62-025 KostrzynImporter:Jeronimo Martins Polska S.A.Żniwna 5 62-025 Kostrzyn PLNazwa wymagana prawnie:Jogurt truskawkowy 0% tłuszczu, o wysokiej zawartości białka bez laktozy"}], "images": ["data/images/4549e9fdf4dddf4e2f2d4af11b76c33f.jpg", "data/images/42ae7d361519f98917d8bca2c899b607.jpg", "data/images/97effd6255e27af8a5117bbb2e26d4f3.jpg", "data/images/a944964f26cba05a5387dfa66749460c.jpg"], "absolute_path": "Nabiał/Jogurty owocowe/Produkt 23"}
{"name": "Produkt 20", "url": "https://zakupy.biedronka.pl/fruvita-fruvita-pure-jogurt-owoce-truskawka-banan-jablko-150-g-0000007638.html", "title": "Fruvita Pure Jogurt owoce truskawka banan jabłko 150 g", "brand": "Fruvita", "price": "2.59 PLN", "packaging_details": "0.15kg- 17,27 zł / kg", "description_sections": [{"header": "Składniki i alergeny", "content": "Składniki:jogurtnaturalny 70%, owoce 30% (truskawka 21,6%, banan 6%, koncentrat soku jabłkowego 2,4%)Alergeny:Mleko i produkty pochodne (łącznie z laktozą)Inne informacje o zawartości produktu:Zawiera surowce GMO:Nie"}, {"header": "Wartość odżywcza", "content": "W 100 gWartość energetyczna kcal82 kcalZawartość tłuszczów (ogólnie)3 gKwasy tłuszczowe nasycone1.8 gZawartość węglowodanów9.5 gCukry9.1 gZawartość błonnika0.5 gZawartość białek3.9 gZawartość soli0.15 g"}, {"header": "Przechowywanie i sposób przygotowania", "content": "Sposób przygotowania:Spożyć bezpośrednio po otwarciu."}, {"header": "Pozostałe informacje", "content": "Producent:Lactalis Polska Sp. z o.o.Dystrybutor:Jeronimo Martins Polska S.A.Żniwna 5 62-025 KostrzynImporter:Jeronimo Martins Polska S.A.Żniwna 5 62-025 Kostrzyn PLNazwa wymagana prawnie:Jogurt z owocami (truskawka, banan, jabłko)"}], "images": ["data/images/ab11c6257857ac5a1c4b3c30e9e25a12.jpg", "data/images/9be59abaabe5657e3bcf89d067c2c2f5.jpg", "data/images/38503204e70a902f9418b7c73890f912.jpg"], "absolute_path": "Nabiał/Jogurty owocowe/Produkt 20"}
{"name": "Produkt 5", "url": "https://zakupy.biedronka.pl/piatnica-piatnica-jogurt-pitny-skyr-waniliowy-330-ml-0000006521.html", "title": "Piątnica Jogurt pitny Skyr waniliowy 330 ml", "brand": "Piątnica", "price": "4.89 PLN", "packaging_details": "0.33l- 14,82 zł / l", "description_sections": [{"header": "Opis produktu", "content": "Skyr pitny to pyszny, waniliowy jogurt z wysoką zawartością naturalnego białka - 6.5 g\\100 g jogurtu. To doskonała przekąska dla osób prowadzących aktywny i zdrowy tryb życia. Idealnie wpisuje się w trend „on the go” oraz w coraz popularniejszy ma polskim rynku trend zdrowego żywienia i zdrowych przekąsek, zapewniających energię podczas aktywnego dnia. Produkowany jest z wysokiej jakości mleka od krów karmionych paszami bez GMO."}, {"header": "Składniki i alergeny", "content": "Składniki:mlekopasteryzowane, cukier, zagęszczony sok z cytryny, aromat naturalny, ekstrakt wanilii, żywe kultury bakterii jogurtowych ( Streptococcus thermophilus, Lactobacillus bulgaricus)Inne informacje o zawartości produktu:Zawiera surowce GMO:Nie"}, {"header": "Wartość odżywcza", "content": "W 100 gWartość energetyczna kcal328 kcalZawartość tłuszczów (ogólnie)1.5 gKwasy tłuszczowe nasycone1.1 gZawartość węglowodanów9.5 gCukry9 gZawartość białek6.5 gZawartość soli0.08 g"}, {"header": "Pozostałe informacje", "content": "Kraj pochodzenia:PolskaKraj pochodzenia zależy od konkretnej partii produktu jaka znajduje się w sklepie. Informację o kraju pochodzenia znajdziesz na opakowaniu. Możesz również dodać komentarz z preferowanym typem produktu w koszyku lub wiadomości dla shoppera (np. “prosze o pomidory polskie”).Nazwa wymagana prawnie:Jogurt pitny Skyr waniliowy 330 ml"}], "images": ["data/images/1cf770b1ff61a287e67c34aaeac6ed89.jpg"], "absolute_path": "Nabiał/Jogurty pitne/Produkt 5"}
{"name": "Produkt 4", "url": "https://zakupy.biedronka.pl/actimel-actimel-napoj-jogurtowy-o-smaku-wieloowocowym-6-x-100-g-600-g-0000017528.html", "title": "Actimel Napój jogurtowy o smaku wieloowocowym (6 x 100 g) 600 g", "brand": "Actimel", "price": "12.59 PLN", "packaging_details": "0.6kg- 20,98 zł / kg", "description_sections": [{"header": "Opis produktu", "content": "Actimel, Twój codzienny sprzymierzeniec we wsparciu odporności*Dzięki witaminom D i B6, które wspomagają Twój układ odpornościowy*.Każda buteleczka Actimela dostarcza 1\\3 dziennego zapotrzebowania na witaminę D**. Zawiera również witaminę B6 i 20 miliardów bakterii L.Casei.Witaminy trafiają do krwiobiegu, a następnie do komórek układu odpornościowego, by wesprzeć ich działanie.Całe to wsparcie odporności* w jednej buteleczce orzeźwiająco pysznego Actimela!*Actimel jest bogaty w witaminę D i jest źródłem witaminy B6. Witaminy D i B6 pomagają w prawidłowym funkcjonowaniu układu odpornościowego.**Referencyjna wartość spożycia dla przeciętnej osoby dorosłej (8400 kJ \\ 2000 kcal). Indywidualne zapotrzebowanie na składniki odżywcze może się różnić w zależności od wieku, płci i stanu fizjologicznego. Pamiętaj, że ważna jest zbilansowana i zróżnicowana dieta oraz zdrowy styl życia."}, {"header": "Składniki i alergeny", "content": "Składniki:mlekoodtłuszczone,mlekoodtłuszczone odtworzone,cukier,śmietanka,soki owocowe z soków zagęszczonych 2,1 %: ananasowy 1 %, brzoskwiniowy 0,6 %, pomarańczowy 0,25 %, truskawkowy 0,25 %,dekstroza,skrobia modyfikowana,składniki mineralne zmleka,naturalny aromat,stabilizator: (pektyny),żywe kultury bakterii jogurtowych, L. casei Danone CNCMI-1518: min. 20 miliardów (20 x 10⁹) jtk / 100 g,witamina B6,witamina DAlergeny:Zawiera MlekoInne informacje o zawartości produktu:Smaki / Aromaty:Zawiera"}, {"header": "Wartość odżywcza", "content": "W 100 gWartość energetyczna78 kcalTłuszcz1.4 gw tym kwasy tłuszczowe nasycone1 gWęglowodany12.7 gw tym cukry12.5 gBiałko2.8 gSól0.1 gWitaminy i składniki mineralnew 100  g% RWS w 100  gWapń120 mg15%Witamina B60.21 mg15%Witamina D1.67 µg33.3%"}, {"header": "Przechowywanie i sposób przygotowania", "content": "Sposób podania:Wstrząsnąć przed spożyciem."}, {"header": "Pozostałe informacje", "content": "Producent:Danone sp. z o.o.\nul. Bobrowiecka 8\n00-728 Warszawa\nwww.actimel.pl\nInfolinia 801 33 11 33\nOpłata według taryfy operatoraDystrybutor:Jeronimo Martins Polska S.A.Żniwna 5 62-025 Kostrzyn PLImporter:Jeronimo Martins Polska S.A.Żniwna 5 62-025 Kostrzyn PLNazwa wymagana prawnie:Napój jogurtowy z L. casei Danone oraz witaminami B6 i D."}], "images": ["data/images/b7294a3b97088dffa48f21d585599267.jpg"], "absolute_path": "Nabiał/Jogurty pitne/Produkt 4"}
{"name": "Produkt 6", "url": "https://zakupy.biedronka.pl/piatnica-piatnica-jogurt-pitny-skyr-mango-marakuja-330-ml-0000006520.html", "title": "Piątnica Jogurt pitny Skyr mango marakuja 330 ml", "brand": "Piątnica", "price": "4.89 PLN", "packaging_details": "0.33l- 14,82 zł / l", "description_sections": [{"header": "Opis produktu", "content": "Skyr pitny mango marakuja to pyszny, owocowy jogurt z wysoką zawartością naturalnego białka - 6.5 g\\100 g jogurtu. To doskonała przekąska dla osób prowadzących aktywny i zdrowy tryb życia. Idealnie wpisuje się w trend „on the go” oraz w coraz popularniejszy ma polskim rynku trend zdrowego żywienia i zdrowych przekąsek, zapewniających energię podczas aktywnego dnia. Produkowany jest z wysokiej jakości mleka od krów karmionych paszami bez GMO."}, {"header": "Składniki i alergeny", "content": "Składniki:mlekopasteryzowane, owoce 8% (mango 5,5% , przecier marakui z zagęszczonego przecieru 2,5%), cukier, aromaty naturalne, żywe kultury bakterii jogurtowych (Streptococcus thermophilus, Lactobacillus bulgaricus)Inne informacje o zawartości produktu:Zawiera surowce GMO:Nie"}, {"header": "Wartość odżywcza", "content": "W 100 gWartość energetyczna kcal345 kcalZawartość tłuszczów (ogólnie)1.5 gKwasy tłuszczowe nasycone1.1 gZawartość węglowodanów10.5 gCukry10 gZawartość białek6.5 gZawartość soli0.08 g"}, {"header": "Pozostałe informacje", "content": "Kraj pochodzenia:PolskaKraj pochodzenia zależy od konkretnej partii produktu jaka znajduje się w sklepie. Informację o kraju pochodzenia znajdziesz na opakowaniu. Możesz również dodać komentarz z preferowanym typem produktu w koszyku lub wiadomości dla shoppera (np. “prosze o pomidory polskie”).Producent:Okręgowa Spółdzielnia Mleczarska w Piątnicy\nul. Forteczna 3,\n18-421 Piątnica,\nPolska\nwww.piatnica.com.plNazwa wymagana prawnie:Jogurt pitny Skyr mango marakuja"}], "images": ["data/images/84fc9a629fb7c6df7f4b099e3b25b406.jpg"], "absolute_path": "Nabiał/Jogurty pitne/Produkt 6"}
{"name": "Produkt 2", "url": "https://zakupy.biedronka.pl/piatnica-piatnica-jogurt-pitny-skyr-truskawka-kiwi-330-ml-0000006524.html", "title": "Piątnica Jogurt pitny Skyr truskawka kiwi 330 ml", "brand": "Piątnica", "price": "4.89 PLN", "packaging_details": "0.33l- 14,82 zł / l", "description_sections": [{"header": "Opis produktu", "content": "Skyr pitny truskawka kiwi to pyszny, owocowy jogurt z wysoką zawartością naturalnego białka - 6.5 g\\100 g jogurtu. To doskonała przekąska dla osób prowadzących aktywny i zdrowy tryb życia. Idealnie wpisuje się w trend „on the go” oraz w coraz popularniejszy ma polskim rynku trend zdrowego żywienia i zdrowych przekąsek, zapewniających energię podczas aktywnego dnia. Produkowany jest z wysokiej jakości mleka od krów karmionych paszami bez GMO."}, {"header": "Składniki i alergeny", "content": "Składniki:mlekopasteryzowane, truskawka 3%, kiwi 3,2% (w tym przecier z zagęszczonego przecieru ), cukier, aromat naturalny, żywe kultury bakterii jogurtowych ( Streptococcus thermophilus, Lactobacillus bulgaricus)Alergeny:Mleko i produkty pochodne (łącznie z laktozą)Inne informacje o zawartości produktu:Zawiera surowce GMO:Nie"}, {"header": "Wartość odżywcza", "content": "W 100 gWartość energetyczna kcal80 kcalZawartość tłuszczów (ogólnie)1.5 gKwasy tłuszczowe nasycone1.1 gZawartość węglowodanów10 gCukry10 gZawartość białek6.5 gZawartość soli0.08 g"}, {"header": "Pozostałe informacje", "content": "Kraj pochodzenia:PolskaKraj pochodzenia zależy od konkretnej partii produktu jaka znajduje się w sklepie. Informację o kraju pochodzenia znajdziesz na opakowaniu. Możesz również dodać komentarz z preferowanym typem produktu w koszyku lub wiadomości dla shoppera (np. “prosze o pomidory polskie”).Nazwa wymagana prawnie:Skyr jogurt typu islandzkiego truskawka & kiwi 330ml"}], "images": ["data/images/b898f30053d5ed9c525c747c86150dce.jpg"], "absolute_path": "Nabiał/Jogurty pitne/Produkt 2"}
{"name": "Produkt 3", "url": "https://zakupy.biedronka.pl/fruvita-fruvita-skyr-o-smaku-malina-granat-330-g-0000019297.html", "title": "Fruvita Skyr o smaku malina-granat 330 g", "brand": "Fruvita", "price": "3.99 PLN", "packaging_details": "0.33kg- 12,09 zł / kg", "description_sections": [{"header": "Opis produktu", "content": "Nutriscore:D"}, {"header": "Składniki i alergeny", "content": "Składniki:mleko, maliny 6 %(rozdrobnione maliny 4 %, przecier malinowy 2%), białkamleka, cukier, sok z granatu z zagęszczonego soku z granatu 2 %, naturalny aromat, koncentrat soku z buraka ćwikłowego, kultury bakterii jogurtowych."}, {"header": "Pozostałe informacje", "content": "Kraj pochodzenia:PolskaKraj pochodzenia zależy od konkretnej partii produktu jaka znajduje się w sklepie. Informację o kraju pochodzenia znajdziesz na opakowaniu. Możesz również dodać komentarz z preferowanym typem produktu w koszyku lub wiadomości dla shoppera (np. “prosze o pomidory polskie”).Nazwa wymagana prawnie:Jogurt pitny malina-granat, o wysokiej zawartości białka"}], "images": ["data/images/823c3851f7be37180544648c2a59d399.jpg"], "absolute_path": "Nabiał/Jogurty pitne/Produkt 3"}
{"name": "Produkt 7", "url": "https://zakupy.biedronka.pl/actimel-actimel-kids-napoj-jogurtowy-o-smaku-truskawkowo-bananowym-6-x-100-g-600-g-0000017529.html", "title": "Actimel Kids Napój jogurtowy o smaku truskawkowo-bananowym (6 x 100 g) 600 g", "brand": "Actimel", "price": "12.59 PLN", "packaging_details": "0.6kg- 20,98 zł / kg", "description_sections": [{"header": "Opis produktu", "content": "Actimel Kids. Twój codzienny sprzymierzeniec we wsparciu odporności*. Dzięki witaminie D, która wspomaga układ odpornościowy Twojego dziecka*. Wsparcie odporności jest kluczowe gdy Twoje dziecko wciąż rośnie. Każda buteleczka Actimela dostarcza 1\\3 dziennego zapotrzebowania na witaminę D**. Zawiera również witaminę B6, wapń i 20 miliardów bakterii L. Casei. Witamina D trafia do krwiobiegu, a następnie do komórek układu odpornościowego, by wesprzeć ich działanie. Całe to wsparcie odporności* w jednej buteleczce orzeźwiająco pysznego Actimela! *Witamina D przyczynia się do prawidłowego funkcjonowania układu odpornościowego u dzieci. Pamiętaj, że ważna jest zbilansowana i zróżnicowana dieta oraz zdrowy styl życia. **Referencyjna wartość spożycia dla przeciętnej osoby dorosłej (8400 kJ \\ 2000 kcal). Indywidualne zapotrzebowanie na składniki odżywcze może się różnić w zależności od wieku, płci i stanu fizjologicznego.Subrand:Kids"}, {"header": "Składniki i alergeny", "content": "Składniki:mlekoodtłuszczone,mlekoodtłuszczone odtworzone,cukier,śmietanka,przecier truskawkowy z przecieru zagęszczonego 1,3 %,przecier bananowy z przecieru zagęszczonego 0,8 %,dekstroza,naturalne aromaty,skrobia modyfikowana,składniki mineralne zmleka,regulator kwasowości (kwas cytrynowy),żywe kultury bakterii jogurtowych,L. casei Danone CNCM I-1518: min. 20 miliardów (20 x 10⁹) jtk/100 g,witamina B6,witamina DAlergeny:Zawiera MlekoInne informacje o zawartości produktu:Smaki / Aromaty:Zawiera"}, {"header": "Wartość odżywcza", "content": "W 100 gWartość energetyczna70 kcalTłuszcz1.4 gw tym kwasy tłuszczowe nasycone1 gWęglowodany10.7 gw tym cukry10.6 gBiałko2.8 gSól0.1 gWitaminy i składniki mineralnew 100  g% RWS w 100  gWapń120 mg15%Witamina B60.21 mg15%Witamina D1.67 µg33.3%"}, {"header": "Przechowywanie i sposób przygotowania", "content": "Sposób podania:Wstrząsnąć przed spożyciem."}, {"header": "Pozostałe informacje", "content": "Producent:DanoneNazwa wymagana prawnie:Napój jogurtowy z L. casei Danone oraz witaminami B6 i D."}], "images": ["data/images/e05773416a1c8b3e0ea5362f134e3e27.jpg"], "absolute_path": "Nabiał/Jogurty pitne/Produkt 7"}
{"name": "Produkt 11", "url": "https://zakupy.biedronka.pl/actimel-actimel-napoj-jogurtowy-o-smaku-truskawkowym-600-g-6-x-100-g-0000001839.html", "title": "Actimel Napój jogurtowy o smaku truskawkowym 600 g (6 x 100 g)", "brand": "Actimel", "price": "12.59 PLN", "packaging_details": "0.6kg- 20,98 zł / kg", "description_sections": [{"header": "Opis produktu", "content": "Actimel, Twój codzienny sprzymierzeniec we wsparciu odporności*Dzięki witaminom D i B6, które wspomagają Twój układ odpornościowy*.Każda buteleczka Actimela dostarcza 1\\3 dziennego zapotrzebowania na witaminę D**. Zawiera również witaminę B6 i 20 miliardów bakterii L.Casei.Witaminy trafiają do krwiobiegu, a następnie do komórek układu odpornościowego, by wesprzeć ich działanie.Całe to wsparcie odporności* w jednej buteleczce orzeźwiająco pysznego Actimela!*Actimel jest bogaty w witaminę D i jest źródłem witaminy B6. Witaminy D i B6 pomagają w prawidłowym funkcjonowaniu układu odpornościowego.**Referencyjna wartość spożycia dla przeciętnej osoby dorosłej (8400 kJ \\ 2000 kcal). Indywidualne zapotrzebowanie na składniki odżywcze może się różnić w zależności od wieku, płci i stanu fizjologicznego. Pamiętaj, że ważna jest zbilansowana i zróżnicowana dieta oraz zdrowy styl życia."}, {"header": "Składniki i alergeny", "content": "Składniki:mlekoodtłuszczone,mlekoodtłuszczone odtworzone,cukier,śmietanka,przecier truskawkowy z przecieru zagęszczonego 2,1 %,dekstroza,składniki mineralne zmlekaskrobia modyfikowana,naturalne aromaty,regulatory kwasowości (kwas cytrynowy, cytryniany sodu),żywe kultury bakterii jogurtowych, L. casei Danone CNCM I-1518: min. 20 miliardów (20 x 10⁹) jtk / 100 g,witamina B6,witamina DAlergeny:Zawiera MlekoInne informacje o zawartości produktu:Smaki / Aromaty:Zawiera"}, {"header": "Wartość odżywcza", "content": "W 100 gWartość energetyczna76 kcalTłuszcz1.4 gw tym kwasy tłuszczowe nasycone1 gWęglowodany12 gw tym cukry11.9 gBiałko2.8 gSól0.1 gWitaminy i składniki mineralnew 100  g% RWS w 100  gWapń120 mg15%Witamina B60.21 mg15%Witamina D1.67 µg33.3%"}, {"header": "Przechowywanie i sposób przygotowania", "content": "Sposób podania:Wstrząsnąć przed spożyciem."}, {"header": "Pozostałe informacje", "content": "Producent:DanoneNazwa wymagana prawnie:Napój jogurtowy z L. casei Danone oraz witaminami B6 i D."}], "images": ["data/images/7333da874a893d40a4217158e276283b.jpg"], "absolute_path": "Nabiał/Jogurty pitne/Produkt 11"}
{"name": "Produkt 8", "url": "https://zakupy.biedronka.pl/fruvita-fruvita-skyr-o-smaku-truskawka-kiwi-330-g-0000019298.html", "title": "Fruvita Skyr o smaku truskawka-kiwi 330 g", "brand": "Fruvita", "price": "3.99 PLN", "packaging_details": "0.33kg- 12,09 zł / kg", "description_sections": [{"header": "Opis produktu", "content": "Nutriscore:D"}, {"header": "Składniki i alergeny", "content": "Składniki:mleko, białkamleka, truskawki 4% (rozdrobnione truskawki 2%, przecier truskawkowy 2%), kiwi 4% (rozdrobnione kiwi 2%, przecier kiwi 2%), cukier, koncentrat z marchwi, naturalny aromat, kultury bakterii jogurtowych"}, {"header": "Pozostałe informacje", "content": "Kraj pochodzenia:PolskaKraj pochodzenia zależy od konkretnej partii produktu jaka znajduje się w sklepie. Informację o kraju pochodzenia znajdziesz na opakowaniu. Możesz również dodać komentarz z preferowanym typem produktu w koszyku lub wiadomości dla shoppera (np. “prosze o pomidory polskie”).Nazwa wymagana prawnie:Jogurt pitny truskawka-kiwi, o wysokiej zawartości białka"}], "images": ["data/images/a7f224c7b8a29bc1348e5b39722aded3.jpg"], "absolute_path": "Nabiał/Jogurty pitne/Produkt 8"}
{"name": "Produkt 9", "url": "https://zakupy.biedronka.pl/danone-danone-yopro-jogurt-pitny-smak-wanilia-ciasteczko-270-g-0000024205.html", "title": "Danone YoPro Jogurt pitny smak wanilia-ciasteczko 270 g", "brand": "Danone", "price": "5.99 PLN", "packaging_details": "0.27kg- 22,19 zł / kg", "description_sections": [{"header": "Opis produktu", "content": "Bez barwnikówPyszny jogurt zawierający 23 g białka² w porcji, wzbogacony w magnez, który wspiera Twoje mięśnie³ oraz witaminę B9 pomagającą zmniejszyć uczucie zmęczenia.⁴bogaty w białko²9 niezbędnych aminokwasów⁵bez dodatku cukru¹0 % tłuszczuPamiętaj, że ważna jest zbilansowana dieta oraz zdrowy styl życia.¹Zawiera naturalnie występujące cukry.²Białko przyczynia się do utrzymania i wzrostu masy mięśniowej.³Magnez pomaga w prawidłowym funkcjonowaniu mięśni.⁴Witamina B9 (kwas foliowy) przyczynia się do zmniejszenia uczucia zmęczenia i znużenia.⁵Swoistych dla każdego pełnowartościowego białka pochodzenia zwierzęcego.Subrand:YoPro"}, {"header": "Składniki i alergeny", "content": "Składniki:mlekoodtłuszczone,białkamleka,koncentrat białek serwatkowych (zmleka),magnez,skrobia modyfikowana,regulatory kwasowości: kwas mlekowy, cytryniany sodu,aromaty,substancja zagęszczająca: pektyny,substancje słodzące: acesulfam K, sukraloza,kwas foliowy (witamina B9),żywe kultury bakterii jogurtowychAlergeny:Może zawierać Zboża zawierające gluten, \n\nZawiera Mleko, \n\nMoże zawierać SezamInne informacje o zawartości produktu:Barwniki:Zawiera, \n\nSmaki / Aromaty:Zawiera, \n\nSubstancje słodzące:Zawiera"}, {"header": "Wartość odżywcza", "content": "W 100 gWartość energetyczna60 kcalTłuszcz0.5 gw tym kwasy tłuszczowe nasycone0.2 gWęglowodany5.5 gw tym cukry5.2 gBiałko8.3 gSól0.17 gWitaminy i składniki mineralnew 100  g% RWS w 100  gKwas foliowy30 µg41%Magnez56.3 mg41%"}, {"header": "Przechowywanie i sposób przygotowania", "content": "Sposób podania:Wstrząśnij mną i ciesz się schłodzonym."}, {"header": "Pozostałe informacje", "content": "Producent:Danone sp. z o.o.\nul. Bobrowiecka 8\n00-728 Warszawa\n\nInfolinia: 801 33 11 33\nOpłata według taryfy lokalnejDystrybutor:Jeronimo Martins Polska S.A.Żniwna 5 62-025 Kostrzyn PLImporter:Jeronimo Martins Polska S.A.Żniwna 5 62-025 Kostrzyn PLNazwa wymagana prawnie:Jogurt pitny o smaku wanilia-ciasteczko, z magnezem i witaminą B9. Zawiera substancje słodzące."}], "images": ["data/images/852e74e43e39f3753b34a2dae8d6a4e2.jpg"], "absolute_path": "Nabiał/Jogurty pitne/Produkt 9"}
{"name": "Produkt 10", "url": "https://zakupy.biedronka.pl/danone-danone-yopro-jogurt-pitny-smak-mango-270-g-0000024206.html", "title": "Danone YoPro Jogurt pitny smak mango 270 g", "brand": "Danone", "price": "5.99 PLN", "packaging_details": "0.27kg- 22,19 zł / kg", "description_sections": [{"header": "Opis produktu", "content": "Pyszny jogurt zawierający 23 g białka² w porcji, wzbogacony w magnez, który wspiera twoje mięśnie³ oraz witaminę B9 pomagającą zmniejszyć uczucie zmęczenia⁴. Bogaty w białko² 9 niezbędnych aminokwasów⁵ Bez dodatku cukru¹ 0 % tłuszczu ¹Zawiera naturalnie występujące cukry ²Białko przyczynia się do utrzymania i wzrostu masy mięśniowej. ³Magnez pomaga w prawidłowym funkcjonowaniu mięśni. ⁴Witamina B9 (kwas foliowy) przyczynia się do zmniejszenia uczucia zmęczenia i znużenia. ⁵Swoistych dla każdego pełnowartościowego białka pochodzenia zwierzęcego. Pamiętaj, że ważna jest zbilansowana dieta oraz zdrowy styl życia.Subrand:YoPro"}, {"header": "Składniki i alergeny", "content": "Składniki:mlekoodtłuszczone,białkamleka,koncentrat białek serwatkowych (zmleka),przecier z mango 0,5 %,magnez,skrobia modyfikowana,regulatory kwasowości: kwas cytrynowy, cytryniany sodu,aromaty,substancja zagęszczająca: pektyny,substancje słodzące: acesulfam K, sukraloza,kwas foliowy (witamina B9),żywe kultury bakterii jogurtowychAlergeny:Może zawierać Zboża zawierające gluten, \n\nZawiera Mleko, \n\nMoże zawierać SezamInne informacje o zawartości produktu:Barwniki:Nie zawiera, \n\nSmaki / Aromaty:Zawiera, \n\nSubstancje słodzące:Zawiera"}, {"header": "Wartość odżywcza", "content": "W 100 gWartość energetyczna60 kcalTłuszcz0.5 gw tym kwasy tłuszczowe nasycone0.2 gWęglowodany5.5 gw tym cukry5.2 gBiałko8.3 gSól0.17 gWitaminy i składniki mineralnew 100  g% RWS w 100  gKwas foliowy30 µg41%Magnez56.3 mg41%"}, {"header": "Przechowywanie i sposób przygotowania", "content": "Sposób podania:Wstrząśnij mną i ciesz się schłodzonym."}, {"header": "Pozostałe informacje", "content": "Producent:Danone sp. z o.o.\nul. Bobrowiecka 8\n00-728 Warszawa\nInfolinia: 801 33 11 33\nOpłata według taryfy operatoraDystrybutor:Jeronimo Martins Polska S.A.Żniwna 5 62-025 Kostrzyn PLImporter:Jeronimo Martins Polska S.A.Żniwna 5 62-025 Kostrzyn PLNazwa wymagana prawnie:Jogurt pitny o smaku mango, z magnezem i witaminą B9. Zawiera substancje słodzące."}], "images": ["data/images/209b538daef45c4b29fa72b5583a7d98.jpg"], "absolute_path": "Nabiał/Jogurty pitne/Produkt 10"}
{"name": "Produkt 16", "url": "https://zakupy.biedronka.pl/actimel-actimel-napoj-jogurtowy-o-smaku-wieloowocowym-600-g-6-x-100-g-0000001843.html", "title": "Actimel Napój jogurtowy o smaku wieloowocowym 600 g (6 x 100 g)", "brand": "Actimel", "price": "12.59 PLN", "packaging_details": "0.6kg- 20,98 zł / kg", "description_sections": [{"header": "Opis produktu", "content": "Actimel, Twój codzienny sprzymierzeniec we wsparciu odporności*Dzięki witaminom D i B6, które wspomagają Twój układ odpornościowy*.Każda buteleczka Actimela dostarcza 1\\3 dziennego zapotrzebowania na witaminę D**. Zawiera również witaminę B6 i 20 miliardów bakterii L.Casei.Witaminy trafiają do krwiobiegu, a następnie do komórek układu odpornościowego, by wesprzeć ich działanie.Całe to wsparcie odporności* w jednej buteleczce orzeźwiająco pysznego Actimela!*Actimel jest bogaty w witaminę D i jest źródłem witaminy B6. Witaminy D i B6 pomagają w prawidłowym funkcjonowaniu układu odpornościowego.**Referencyjna wartość spożycia dla przeciętnej osoby dorosłej (8400 kJ \\ 2000 kcal). Indywidualne zapotrzebowanie na składniki odżywcze może się różnić w zależności od wieku, płci i stanu fizjologicznego. Pamiętaj, że ważna jest zbilansowana i zróżnicowana dieta oraz zdrowy styl życia."}, {"header": "Składniki i alergeny", "content": "Składniki:mlekoodtłuszczone,mlekoodtłuszczone odtworzone,cukier,śmietanka,soki owocowe z soków zagęszczonych 2,1 %: ananasowy 1 %, brzoskwiniowy 0,6 %, pomarańczowy 0,25 %, truskawkowy 0,25 %,dekstroza,skrobia modyfikowana,składniki mineralne zmleka,naturalny aromat,stabilizator: (pektyny),żywe kultury bakterii jogurtowych, L. casei Danone CNCMI-1518: min. 20 miliardów (20 x 10⁹) jtk / 100 g,witamina B6,witamina DAlergeny:Zawiera MlekoInne informacje o zawartości produktu:Smaki / Aromaty:Zawiera"}, {"header": "Wartość odżywcza", "content": "W 100 gWartość energetyczna78 kcalTłuszcz1.4 gw tym kwasy tłuszczowe nasycone1 gWęglowodany12.7 gw tym cukry12.5 gBiałko2.8 gSól0.1 gWitaminy i składniki mineralnew 100  g% RWS w 100  gWapń120 mg15%Witamina B60.21 mg15%Witamina D1.67 µg33.3%"}, {"header": "Przechowywanie i sposób przygotowania", "content": "Sposób podania:Wstrząsnąć przed spożyciem."}, {"header": "Pozostałe informacje", "content": "Producent:DanoneNazwa wymagana prawnie:Napój jogurtowy z L. casei Danone oraz witaminami B6 i D."}], "images": ["data/images/b7294a3b97088dffa48f21d585599267.jpg"], "absolute_path": "Nabiał/Jogurty pitne/Produkt 16"}
{"name": "Produkt 13", "url": "https://zakupy.biedronka.pl/activia-activia-jogurt-brzoskwinia-marakuja-280-g-0000001924.html", "title": "Activia Jogurt brzoskwinia marakuja 280 g", "brand": "Activia", "price": "4.69 PLN", "packaging_details": "0.28kg- 16,75 zł / kg", "description_sections": [{"header": "Opis produktu", "content": "Jogurt o smaku brzoskwinia-marakuja ze szczepem bakterii ActiRegularis"}, {"header": "Składniki i alergeny", "content": "Składniki:mlekoodtłuszczone, cukier, serwatka (zmleka) o obniżonej zawartości białka, śmietanka, brzoskwinie 1,9 %, przecier z marakui 0,15 %, błonnik cytrusowy, naturalne aromaty, białkamleka, bakterie: jogurtowe (10^8 jtk/g), ActiRegularis Bifidobacterium CNCM I-2494 (3,0 x 10^7 jtk/g), koncentrat soku z cytryny. Może zawierać zboża zawierające gluten.Alergeny:Mleko i produkty pochodne (łącznie z laktozą)Inne informacje o zawartości produktu:Zawiera surowce GMO:Nie, \n\nZawiera lukrecję:Nie, \n\nZawiera chininę:Nie, \n\nZawiera taurynę:Nie, \n\nZawiera przeciwutleniacze:Nie, \n\nZawiera wzmacniacze smaku:Nie, \n\nZawiera fosforany:Nie, \n\nZawiera siarczyny:Nie, \n\nZawiera barwniki:Nie, \n\nZawiera aromaty:Tak, \n\nZawiera antybiotyki:Nie, \n\nZawiera substancje konserwujące:Nie, \n\nZawiera tłuszcze utwardzone (trans):Nie, \n\nZawiera olej palmowy:Nie, \n\nZawiera kofeinę:Nie"}, {"header": "Wartość odżywcza", "content": "W 100 gWartość energetyczna kcal61 kcalZawartość tłuszczów (ogólnie)1.2 gKwasy tłuszczowe nasycone0.8 gZawartość węglowodanów9.9 gCukry9.9 gZawartość błonnika0.1 gZawartość białek2.8 gZawartość soli0.11 gWitaminy i składniki mineralnew 100 g% RWS w 100 gWapń105 mg13%"}, {"header": "Pozostałe informacje", "content": "Kraj pochodzenia:PolskaKraj pochodzenia zależy od konkretnej partii produktu jaka znajduje się w sklepie. Informację o kraju pochodzenia znajdziesz na opakowaniu. Możesz również dodać komentarz z preferowanym typem produktu w koszyku lub wiadomości dla shoppera (np. “prosze o pomidory polskie”).Producent:Danone sp. z o.o.\nul. Bobrowiecka 8\n00-728 Warszawa\nInfolinia: 801 33 11 33\nOpłata według taryfy operatoraImporter:Danone Sp. z o.o.Redutowa 9/23 01-103 Warszawa PLrecepcja.warszawa@danone.comNazwa wymagana prawnie:Jogurt o smaku brzoskwinia-marakuja ze szczepem bakterii ActiRegularis"}], "images": ["data/images/082a1d44ab78a0643511d2a42f31f11b.jpg"], "absolute_path": "Nabiał/Jogurty pitne/Produkt 13"}
{"name": "Produkt 15", "url": "https://zakupy.biedronka.pl/activia-activia-jogurt-pitny-jagoda-280-g-0000001923.html", "title": "Activia Jogurt pitny jagoda 280 g", "brand": "Activia", "price": "4.69 PLN", "packaging_details": "0.28kg- 16,75 zł / kg", "description_sections": [{"header": "Opis produktu", "content": "Jogurt o smaku jagodowym ze szczepem bakterii ActiRegularis®"}, {"header": "Składniki i alergeny", "content": "Składniki:mlekoodtłuszczone, cukier, serwatka (zmleka) o obniżonej zawartości białka, śmietanka, jagody 2 %, błonnik cytrusowy, naturalny aromat, białkamleka, bakterie: jogurtowe (10^8 jtk/g), ActiRegularis Bifidobacterium CNCM I-2494 (3,0 x 10^7 jtk/g). Może zawierać zboża zawierające gluten.Alergeny:Mleko i produkty pochodne (łącznie z laktozą)Inne informacje o zawartości produktu:Zawiera surowce GMO:Nie, \n\nZawiera aromaty:Tak"}, {"header": "Wartość odżywcza", "content": "W 100 gWartość energetyczna kcal62 kcalZawartość tłuszczów (ogólnie)1.2 gKwasy tłuszczowe nasycone0.8 gZawartość węglowodanów9.9 gCukry9.9 gZawartość błonnika0.2 gZawartość białek2.8 gZawartość soli0.11 gWitaminy i składniki mineralnew 100 g% RWS w 100 gWapń105.3 mg13%"}, {"header": "Pozostałe informacje", "content": "Kraj pochodzenia:PolskaKraj pochodzenia zależy od konkretnej partii produktu jaka znajduje się w sklepie. Informację o kraju pochodzenia znajdziesz na opakowaniu. Możesz również dodać komentarz z preferowanym typem produktu w koszyku lub wiadomości dla shoppera (np. “prosze o pomidory polskie”).Producent:DanoneImporter:Danone Sp. z o.o.Redutowa 9/23 01-103 Warszawa PLrecepcja.warszawa@danone.comNazwa wymagana prawnie:Jogurt o smaku jagodowym ze szczepem bakterii ActiRegularis®"}], "images": ["data/images/aeddbd25c8225e679bc4086b64629b4b.jpg"], "absolute_path": "Nabiał/Jogurty pitne/Produkt 15"}
{"name": "Produkt 12", "url": "https://zakupy.biedronka.pl/activia-activia-jogurt-malina-granat-280-g-0001147957.html", "title": "Activia Jogurt malina granat 280 g", "brand": "Activia", "price": "4.69 PLN", "packaging_details": "0.28kg- 16,75 zł / kg", "description_sections": [{"header": "Opis produktu", "content": "Activia zawiera wapń pomagający w prawidłowym funkcjonowaniu enzymów trawiennych oraz żywe kultury bakterii. Probiotyki to żywe mikroorganizmy, które przyjmowane w odpowiedniej liczbie przynoszą korzyści zdrowotne. Żywe kultury jogurtowe poprawiają trawienie zawartej w produkcie laktozy u osób mających trudności z jej trawieniem. Ważna jest zbilansowana dieta oraz zdrowy styl życia."}, {"header": "Składniki i alergeny", "content": "Składniki:mlekoodtłuszczone,cukier,serwatka (zmleka) o obniżonej zawartości białka,śmietanka,maliny 2,8 %,sok z granatu 0,2 % - z soku zagęszczonego,błonnik cytrusowy,naturalne aromaty,białkamleka,bakterie: jogurtowe (10⁸ jtk/g), ActiRegularis bifidobacterium CNCM 1-2494 (3,0⁷ x 107 jtk/g),koncentrat soku z cytrynyAlergeny:Może zawierać Zboża zawierające gluten, \n\nZawiera MlekoInne informacje o zawartości produktu:Smaki / Aromaty:Zawiera"}, {"header": "Wartość odżywcza", "content": "W 100 gWartość energetyczna61 kcalTłuszcz1.2 gw tym kwasy tłuszczowe nasycone0.8 gWęglowodany9.6 gw tym cukry9.6 gBłonnik0.2 gBiałko2.8 gSól0.11 gWitaminy i składniki mineralnew 100  g% RWS w 100  gWapń104.6 mg37%"}, {"header": "Przechowywanie i sposób przygotowania", "content": "Sposób podania:Wstrząsnąć przed spożyciem."}, {"header": "Pozostałe informacje", "content": "Producent:Danone Sp. z o.o.\nul. Bobrowiecka 8\n00-728 Warszawa\nInfolinia: 801 33 11 33\nOpłata według taryfy operatoraDystrybutor:Jeronimo Martins Polska S.A.Żniwna 5 62-025 Kostrzyn PLImporter:Jeronimo Martins Polska S.A.Żniwna 5 62-025 Kostrzyn PLNazwa wymagana prawnie:Jogurt o smaku malina - granat ze szczepem ActiRegularis."}], "images": ["data/images/e0ed45c054dd93fc3c2207df4ca62b06.jpg"], "absolute_path": "Nabiał/Jogurty pitne/Produkt 12"}
{"name": "Produkt 14", "url": "https://zakupy.biedronka.pl/piatnica-piatnica-skyr-jogurt-pitny-typu-islandzkiego-nektarynka-and-malina-330-ml-0000802501.html", "title": "Piątnica Skyr jogurt pitny typu islandzkiego nektarynka & malina 330 ml", "brand": "Piątnica", "price": "4.89 PLN", "packaging_details": "0.33l- 14,82 zł / l", "description_sections": [{"header": "Składniki i alergeny", "content": "Składniki:mlekopasteryzowane,owoce 8 % (nektarynka 5,5 %, przecier maliny 2,5 %),cukier,naturalny aromat,koncentrat z marchwi,żywe kultury bakterii jogurtowych: Streptococcus thermophilus, Lactobacillus bulgaricusAlergeny:Zawiera MlekoInne informacje o zawartości produktu:Smaki / Aromaty:Zawiera"}, {"header": "Wartość odżywcza", "content": "W 100 gWartość energetyczna80 kcalTłuszcz1.5 gw tym kwasy tłuszczowe nasycone1.1 gWęglowodany10 gw tym cukry9.5 gBiałko6.5 gSól0.08 g"}, {"header": "Pozostałe informacje", "content": "Producent:Okręgowa Spółdzielnia Mleczarska w Piątnicy\nul. Forteczna 3,\n18-421 Piątnica,\nPolska\nwww.piatnica.com.plDystrybutor:Jeronimo Martins Polska S.A.Żniwna 5 62-025 Kostrzyn PLImporter:Jeronimo Martins Polska S.A.Żniwna 5 62-025 Kostrzyn PLNazwa wymagana prawnie:Skyr jogurt pitny typu islandzkiego nektarynka-malina."}], "images": ["data/images/97759dba1c696258d7fac4255244209d.jpg"], "absolute_path": "Nabiał/Jogurty pitne/Produkt 14"}
{"name": "Produkt 20", "url": "https://zakupy.biedronka.pl/actimel-actimel-napoj-jogurtowy-o-smaku-truskawkowym-6-x-100-g-600-g-0000017524.html", "title": "Actimel Napój jogurtowy o smaku truskawkowym (6 x 100 g) 600 g", "brand": "Actimel", "price": "12.59 PLN", "packaging_details": "0.6kg- 20,98 zł / kg", "description_sections": [{"header": "Opis produktu", "content": "Actimel, Twój codzienny sprzymierzeniec we wsparciu odporności*Dzięki witaminom D i B6, które wspomagają Twój układ odpornościowy*.Każda buteleczka Actimela dostarcza 1\\3 dziennego zapotrzebowania na witaminę D**. Zawiera również witaminę B6 i 20 miliardów bakterii L.Casei.Witaminy trafiają do krwiobiegu, a następnie do komórek układu odpornościowego, by wesprzeć ich działanie.Całe to wsparcie odporności* w jednej buteleczce orzeźwiająco pysznego Actimela!*Actimel jest bogaty w witaminę D i jest źródłem witaminy B6. Witaminy D i B6 pomagają w prawidłowym funkcjonowaniu układu odpornościowego.**Referencyjna wartość spożycia dla przeciętnej osoby dorosłej (8400 kJ \\ 2000 kcal). Indywidualne zapotrzebowanie na składniki odżywcze może się różnić w zależności od wieku, płci i stanu fizjologicznego. Pamiętaj, że ważna jest zbilansowana i zróżnicowana dieta oraz zdrowy styl życia."}, {"header": "Składniki i alergeny", "content": "Składniki:mlekoodtłuszczone,mlekoodtłuszczone odtworzone,cukier,śmietanka,przecier truskawkowy z przecieru zagęszczonego 2,1 %,dekstroza,składniki mineralne zmlekaskrobia modyfikowana,naturalne aromaty,regulatory kwasowości (kwas cytrynowy, cytryniany sodu),żywe kultury bakterii jogurtowych, L. casei Danone CNCM I-1518: min. 20 miliardów (20 x 10⁹) jtk / 100 g,witamina B6,witamina DAlergeny:Zawiera MlekoInne informacje o zawartości produktu:Smaki / Aromaty:Zawiera"}, {"header": "Wartość odżywcza", "content": "W 100 gWartość energetyczna76 kcalTłuszcz1.4 gw tym kwasy tłuszczowe nasycone1 gWęglowodany12 gw tym cukry11.9 gBiałko2.8 gSól0.1 gWitaminy i składniki mineralnew 100  g% RWS w 100  gWapń120 mg15%Witamina B60.21 mg15%Witamina D1.67 µg33.3%"}, {"header": "Przechowywanie i sposób przygotowania", "content": "Sposób podania:Wstrząsnąć przed spożyciem."}, {"header": "Pozostałe informacje", "content": "Producent:Danone Sp. z o.o.\nul. Bobrowiecka 8\n00-728 Warszawa\nInfolinia: 801 33 11 33\nOpłata według taryfy operatoraDystrybutor:Jeronimo Martins Polska S.A.Żniwna 5 62-025 Kostrzyn PLImporter:Jeronimo Martins Polska S.A.Żniwna 5 62-025 Kostrzyn PLNazwa wymagana prawnie:Napój jogurtowy z L. casei Danone oraz witaminami B6 i D."}], "images": ["data/images/7333da874a893d40a4217158e276283b.jpg"], "absolute_path": "Nabiał/Jogurty pitne/Produkt 20"}
{"name": "Produkt 21", "url": "https://zakupy.biedronka.pl/danone-danone-yopro-jogurt-pitny-smak-truskawka-malina-270-g-0000019290.html", "title": "Danone YoPro Jogurt pitny smak truskawka-malina 270 g", "brand": "Danone", "price": "5.99 PLN", "packaging_details": "0.27kg- 22,19 zł / kg", "description_sections": [{"header": "Opis produktu", "content": "Jogurt pitny o smaku truskawka-malina, z magnezem i witaminą B9. Zawiera substancje słodzące."}, {"header": "Składniki i alergeny", "content": "Składniki:mlekoodtłuszczone, białkamleka, koncentrat białek serwatkowych (zmleka), przecier truskawkowy 0,75 %, magnez, skrobia modyfikowana, przecier malinowy 0,25 %, regulatory kwasowości: kwas cytrynowy, cytryniany wapnia, cytryniany sodu; aromaty, substancja zagęszczająca: pektyny; substancje słodzące: acesulfam K, sukraloza; kwas foliowy (witamina B9), żywe kultury bakterii jogurtowych. Może zawierać zboża zawierające gluten,sezam."}, {"header": "Pozostałe informacje", "content": "Kraj pochodzenia:PolskaKraj pochodzenia zależy od konkretnej partii produktu jaka znajduje się w sklepie. Informację o kraju pochodzenia znajdziesz na opakowaniu. Możesz również dodać komentarz z preferowanym typem produktu w koszyku lub wiadomości dla shoppera (np. “prosze o pomidory polskie”).Nazwa wymagana prawnie:Jogurt pitny o smaku truskawka-malina, z magnezem i witaminą B9. Zawiera substancje słodzące."}], "images": ["data/images/1fd6dde017d48e293aa01046afa0f648.jpg"], "absolute_path": "Nabiał/Jogurty pitne/Produkt 21"}
{"name": "Produkt 17", "url": "https://zakupy.biedronka.pl/danone-danone-yopro-jogurt-pitny-smak-stracciatella-270-g-0000019289.html", "title": "Danone YoPro Jogurt pitny smak stracciatella 270 g", "brand": "Danone", "price": "5.99 PLN", "packaging_details": "0.27kg- 22,19 zł / kg", "description_sections": [{"header": "Opis produktu", "content": "Pyszny jogurt zawierający 23 g białka² w porcji, wzbogacony w magnez, który wspiera Twoje mięśnie³ oraz witaminę B9 pomagającą zmniejszyć uczucie zmęczenia.⁴Pamiętaj, że ważna jest zbilansowana dieta i zdrowy styl życia.²Białko przyczynia się do utrzymania i wzrostu masy mięśniowej.³Magnez pomaga w prawidłowym funkcjonowaniu mięśni.⁴Witamina B9 (kwas foliowy) przyczynia się do zmniejszenia uczucia zmęczenia i znużenia.Subrand:YoPro"}, {"header": "Składniki i alergeny", "content": "Składniki:mlekoodtłuszczone,białkamleka,koncentrat białek serwatkowych (zmleka),magnez,skrobia modyfikowana,regulatory kwasowości: kwas mlekowy, cytryniany wapnia, cytryniany sodu,aromat,drobinki kakaowe 0,07 % (tłuszcz kakaowy, kakao, kakao o obniżonej zawartości tłuszczu),substancja zagęszczająca: pektyny,substancje słodzące: acesulfam K, sukraloza,kwas foliowy (witamina B9),żywe kultury bakterii jogurtowychAlergeny:Może zawierać Zboża zawierające gluten, \n\nZawiera Mleko, \n\nMoże zawierać SezamInne informacje o zawartości produktu:Barwniki:Nie zawiera, \n\nSmaki / Aromaty:Zawiera, \n\nSubstancje słodzące:Zawiera"}, {"header": "Wartość odżywcza", "content": "W 100 gWartość energetyczna59 kcalTłuszcz0.5 gw tym kwasy tłuszczowe nasycone0.2 gWęglowodany5.4 gw tym cukry5.2 gBiałko8.3 gSól0.17 gWitaminy i składniki mineralnew 100  g% RWS w 100  gKwas foliowy30 µg41%Magnez56.3 mg41%"}, {"header": "Przechowywanie i sposób przygotowania", "content": "Sposób podania:Wstrząśnij mną i ciesz się schłodzonym."}, {"header": "Pozostałe informacje", "content": "Producent:Danone sp. z o.o.\nul. Bobrowiecka 8\n00-728 Warszawa\nInfolinia: 801 33 11 33\nOpłata według taryfy operatoraDystrybutor:Jeronimo Martins Polska S.A.Żniwna 5 62-025 Kostrzyn PLImporter:Jeronimo Martins Polska S.A.Żniwna 5 62-025 Kostrzyn PLNazwa wymagana prawnie:Jogurt pitny o smaku stracciatella, z magnezem i witaminą B9. Zawiera substancje słodzące."}], "images": ["data/images/a043541438dd4345399d1822241b299b.jpg"], "absolute_path": "Nabiał/Jogurty pitne/Produkt 17"}
{"name": "Produkt 19", "url": "https://zakupy.biedronka.pl/piatnica-piatnica-skyr-jogurt-pitny-typu-islandzkiego-limonka-and-nuta-miety-330-ml-0000802503.html", "title": "Piątnica Skyr jogurt pitny typu islandzkiego limonka & nuta mięty 330 ml", "brand": "Piątnica", "price": "4.89 PLN", "packaging_details": "0.33l- 14,82 zł / l", "description_sections": [{"header": "Składniki i alergeny", "content": "Składniki:mlekopasteryzowane,cukier,sok z limonki 1,5 %,ekstrakt mięty,koncentraty spiruliny i krokosza barwierskiego,naturalne aromaty (limonki i mięty) z innymi naturalnymi aromatami,żywe kultury bakterii jogurtowych: Streptococcus thermophilus, Lactobacillus bulgaricusAlergeny:Zawiera MlekoInne informacje o zawartości produktu:Smaki / Aromaty:Zawiera"}, {"header": "Wartość odżywcza", "content": "W 100 gWartość energetyczna80 kcalTłuszcz1.5 gw tym kwasy tłuszczowe nasycone1.1 gWęglowodany10 gw tym cukry10 gBiałko6.5 gSól0.08 g"}, {"header": "Pozostałe informacje", "content": "Producent:Okręgowa Spółdzielnia Mleczarska w Piątnicy\nul. Forteczna 3,\n18-421 Piątnica,\nPolska\nwww.piatnica.com.plDystrybutor:Jeronimo Martins Polska S.A.Żniwna 5 62-025 Kostrzyn PLImporter:Jeronimo Martins Polska S.A.Żniwna 5 62-025 Kostrzyn PLNazwa wymagana prawnie:Skyr jogurt pitny typu islandzkiego limonka z nutą mięty."}], "images": ["data/images/1e8948e114e00d6ff156d1d437780ae5.jpg"], "absolute_path": "Nabiał/Jogurty pitne/Produkt 19"}
{"name": "Produkt 18", "url": "https://zakupy.biedronka.pl/piatnica-piatnica-skyr-jogurt-pitny-typu-islandzkiego-wisnia-330-ml-0000802500.html", "title": "Piątnica Skyr jogurt pitny typu islandzkiego wiśnia 330 ml", "brand": "Piątnica", "price": "4.89 PLN", "packaging_details": "0.33l- 14,82 zł / l", "description_sections": [{"header": "Składniki i alergeny", "content": "Składniki:mlekopasteryzowane,wiśnia 8 %,cukier,naturalny aromat,koncentrat z czarnej marchwi,żywe kultury bakterii jogurtowych: Streptococcus thermophilus, Lactobacillus bulgaricusAlergeny:Zawiera MlekoInne informacje o zawartości produktu:Smaki / Aromaty:Zawiera"}, {"header": "Wartość odżywcza", "content": "W 100 gWartość energetyczna80 kcalTłuszcz1.5 gw tym kwasy tłuszczowe nasycone1.1 gWęglowodany10 gw tym cukry9.8 gBiałko6.5 gSól0.08 g"}, {"header": "Pozostałe informacje", "content": "Producent:Okręgowa Spółdzielnia Mleczarska w Piątnicy\nul. Forteczna 3,\n18-421 Piątnica,\nPolska\nwww.piatnica.com.plDystrybutor:Jeronimo Martins Polska S.A.Żniwna 5 62-025 Kostrzyn PLImporter:Jeronimo Martins Polska S.A.Żniwna 5 62-025 Kostrzyn PLNazwa wymagana prawnie:Skyr jogurt pitny typu islandzkiego wiśnia."}], "images": ["data/images/c4fcd126e73a2e17f31a8ee6ecdbe382.jpg", "data/images/20df02a7418ecf97181176b3536cc3a4.jpg"], "absolute_path": "Nabiał/Jogurty pitne/Produkt 18"}
{"name": "Produkt 4", "url": "https://zakupy.biedronka.pl/alpro-alpro-skyr-style-sojowy-mango-150-g-0000019311.html", "title": "Alpro Skyr Style sojowy mango 150 g", "brand": "Alpro", "price": "4.99 PLN", "packaging_details": "0.15kg- 33,27 zł / kg", "description_sections": [{"header": "Opis produktu", "content": "Alpro Skyr Style sojowy mango 150 gNutriscore:A"}, {"header": "Składniki i alergeny", "content": "Składniki:Baza sojowa (81,3%) (woda, obłuszczone ziarnosoi(13,9%)), cukier, mango (5,1%), sok z marakui z soku zagęszczonego (4,6%), stabilizator (pektyny), regulatory kwasowości (cytryniany sodu, kwas cytrynowy), wapń, sól morska, aromaty, przeciwutleniacze (mieszaninya tokoferoli, estry kwasów tłuszczowych i kwasu askorbinowego), witaminy B2, B12, D2, kultury jogurtowe (S. thermophilus, L. bulgaricus)Alergeny:Soja i produkty pochodneInne informacje o zawartości produktu:Zawiera surowce GMO:Nie, \n\nZawiera przeciwutleniacze:Tak, \n\nZawiera aromaty:Tak, \n\nPoziom znakowania Nutriscore:A"}, {"header": "Wartość odżywcza", "content": "W 100 gWartość energetyczna kcal84 kcalZawartość tłuszczów (ogólnie)3 gKwasy tłuszczowe nasycone0.5 gZawartość węglowodanów8.4 gCukry8.1 gZawartość błonnika1.2 gZawartość białek5.2 gZawartość soli0.26 gWitaminy i składniki mineralnew 100 g% RWS w 100 gRyboflawina (witamina B2)0.21 mg15%Wapń120 mg15%Witamina B120.38 μg15%Witamina D0.75 μg15%"}, {"header": "Pozostałe informacje", "content": "Kraj pochodzenia:BelgiaKraj pochodzenia zależy od konkretnej partii produktu jaka znajduje się w sklepie. Informację o kraju pochodzenia znajdziesz na opakowaniu. Możesz również dodać komentarz z preferowanym typem produktu w koszyku lub wiadomości dla shoppera (np. “prosze o pomidory polskie”).Producent:Danone sp. z o.o.,\nul. Bobrowiecka 8,\n00-728 Warszawa\n801 331 133\ninfo.polska@alpro.comImporter:Danone Sp. z o.o.Redutowa 9/23 01-103 Warszawa PLrecepcja.warszawa@danone.comNazwa wymagana prawnie:Produkt sojowy z żywymi kulturami bakterii, mango, z wapniem i witaminami."}], "images": ["data/images/3fc64fc759878aff52facdb86615701e.jpg"], "absolute_path": "Nabiał/Jogurty vege/Produkt 4"}
{"name": "Produkt 3", "url": "https://zakupy.biedronka.pl/alpro-alpro-skyr-style-sojowy-wanilia-400-g-0000008540.html", "title": "Alpro Skyr Style sojowy wanilia 400 g", "brand": "Alpro", "price": "9.99 PLN", "packaging_details": "0.4kg- 24,98 zł / kg", "description_sections": [{"header": "Opis produktu", "content": "Alpro Skyr Style sojowy wanilia 400 gNutriscore:A"}, {"header": "Składniki i alergeny", "content": "Składniki:baza sojowa (91,5%) (woda, obłuszczone ziarnosoi(13,9%)), cukier, stabilizator (pektyny), regulatory kwasowości (kwas cytrynowy, cytryniany sodu, kwas jabłkowy), wapń, naturalny aromat, sól morska, przeciwutleniacze (mieszanina tokoferoli, estry kwasów tłuszczowych i kwasu askorbinowego), zmielone ekstrahowane laski wanilii (0,02%), naturalny aromat waniliowy z innymi naturalnymi aromatami, sok z marchwi zagęszczony, witaminy B12, B2, D2, kultury jogurtowe (S. thermophilus, L. bulgaricus). Może zawieraćorzechy(nie zawiera orzeszków ziemnych).Alergeny:Soja i produkty pochodneInne informacje o zawartości produktu:Zawiera surowce GMO:Nie, \n\nZawiera przeciwutleniacze:Tak, \n\nZawiera aromaty:Tak, \n\nPoziom znakowania Nutriscore:A"}, {"header": "Wartość odżywcza", "content": "W 100 gWartość energetyczna kcal77 kcalZawartość tłuszczów (ogólnie)3 gKwasy tłuszczowe nasycone0.5 gZawartość węglowodanów6.8 gCukry6.5 gZawartość błonnika1.1 gZawartość białek5.1 gZawartość soli0.24 gWitaminy i składniki mineralnew% RWS wRyboflawina (%RWS)15 %RWS0%Ryboflawina (witamina B2)0.21 mg0%Wapń120 mg0%Wapń (%RWS)15 %RWS0%Witamina B120.38 μg0%Witamina B12 (%RWS)15 %RWS0%Witamina D0.75 μg0%Witamina D (%RWS)15 %RWS0%"}, {"header": "Pozostałe informacje", "content": "Kraj pochodzenia:BelgiaKraj pochodzenia zależy od konkretnej partii produktu jaka znajduje się w sklepie. Informację o kraju pochodzenia znajdziesz na opakowaniu. Możesz również dodać komentarz z preferowanym typem produktu w koszyku lub wiadomości dla shoppera (np. “prosze o pomidory polskie”).Dystrybutor:Danone Sp. z o.o.Redutowa 9/23 01-103 Warszawarecepcja.warszawa@danone.comNazwa wymagana prawnie:Alpro Produkt sojowy z żywymi kulturami bakterii o smaku waniliowym, z wapniem i witaminami."}], "images": ["data/images/49d9659fd18499d0d85d38b454e09e5b.jpg"], "absolute_path": "Nabiał/Jogurty vege/Produkt 3"}
{"name": "Produkt 1", "url": "https://zakupy.biedronka.pl/alpro-alpro-skyr-alternative-produkt-sojowy-mango-400-g-0000008539.html", "title": "Alpro Skyr Alternative Produkt sojowy mango 400 g", "brand": "Alpro", "price": "9.99 PLN", "packaging_details": "0.4kg- 24,98 zł / kg", "description_sections": [{"header": "Opis produktu", "content": "Alpro Skyr Style sojowy mango 400 gNutriscore:A"}, {"header": "Składniki i alergeny", "content": "Składniki:baza sojowa (81,3%) (woda, obłuszczone ziarnosoi(13,9%)), cukier, mango (5,1%), sok z marakui z soku zagęszczonego (4,6%), stabilizator (pektyny), regulatory kwasowości (cytryniany sodu, kwas cytrynowy), wapń, sól morska, aromaty, przeciwutleniacze (mieszanina tokoferoli, estry kwasów tłuszczowych i kwasu askorbinowego), witaminy B12, B2, D2, kultury jogurtowe (S. thermophilus, L. bulgaricus). Może zawieraćorzechy(nie zawiera orzeszków ziemnych).Alergeny:Soja i produkty pochodneInne informacje o zawartości produktu:Zawiera surowce GMO:Nie, \n\nZawiera przeciwutleniacze:Tak, \n\nZawiera aromaty:Tak, \n\nPoziom znakowania Nutriscore:A"}, {"header": "Wartość odżywcza", "content": "W 100 gWartość energetyczna kcal84 kcalZawartość tłuszczów (ogólnie)3 gKwasy tłuszczowe nasycone0.5 gZawartość węglowodanów8.4 gCukry8.1 gZawartość błonnika1.2 gZawartość białek5.2 gZawartość soli0.26 gWitaminy i składniki mineralnew 100 g% RWS w 100 gRyboflawina (witamina B2)0.21 mg15%Wapń120 mg15%Witamina B120.38 μg15%Witamina D0.75 μg15%"}, {"header": "Pozostałe informacje", "content": "Kraj pochodzenia:BelgiaKraj pochodzenia zależy od konkretnej partii produktu jaka znajduje się w sklepie. Informację o kraju pochodzenia znajdziesz na opakowaniu. Możesz również dodać komentarz z preferowanym typem produktu w koszyku lub wiadomości dla shoppera (np. “prosze o pomidory polskie”).Producent:Danone sp. z o.o.,\nul. Bobrowiecka 8,\n00-728 Warszawa\n801 331 133\ninfo.polska@alpro.comImporter:Danone Sp. z o.o.Redutowa 9/23 01-103 Warszawa PLrecepcja.warszawa@danone.comNazwa wymagana prawnie:Produkt sojowy z żywymi kulturami bakterii, mango, z wapniem i witaminami."}], "images": ["data/images/9efe1d47c964d2ef898038b213892ac4.jpg"], "absolute_path": "Nabiał/Jogurty vege/Produkt 1"}
{"name": "Produkt 22", "url": "https://zakupy.biedronka.pl/activia-activia-jogurt-pitny-truskawka-kiwi-280-g-0000001922.html", "title": "Activia Jogurt pitny truskawka kiwi 280 g", "brand": "Activia", "price": "4.69 PLN", "packaging_details": "0.28kg- 16,75 zł / kg", "description_sections": [{"header": "Opis produktu", "content": "Activia zawiera wapń pomagający w prawidłowym funkcjonowaniu enzymów trawiennych oraz żywe kultury bakterii. Probiotyki to żywe mikroorganizmy, które przyjmowane w odpowiedniej liczbie przynoszą korzyści zdrowotne. Żywe kultury jogurtowe poprawiają trawienie zawartej w produkcie laktozy u osób mających trudności z jej trawieniem. Ważna jest zbilansowana dieta oraz zdrowy styl życia."}, {"header": "Składniki i alergeny", "content": "Składniki:mlekoodtłuszczone,cukier,śmietanka,truskawki 2,4 %,kiwi 0,6 %,błonnik cytrusowy,naturalne aromaty,białkamleka,bakterie: jogurtowe (10⁸ jtk/g), ActiRegularis Bifidobacterium CNCM I-2494 (4 x 10⁷ jtk/g),koncentrat soku z cytrynyAlergeny:Może zawierać Zboża zawierające gluten, \n\nZawiera Mleko, \n\nMoże zawierać SezamInne informacje o zawartości produktu:Additives:Contains, \n\nFlavours:Contains"}, {"header": "Wartość odżywcza", "content": "W 100 gWartość energetyczna60 kcalTłuszcz0.85 gw tym kwasy tłuszczowe nasycone0.54 gWęglowodany10 gw tym cukry10 gBiałko2.9 gSól0.11 gWitaminy i składniki mineralnew 100  g% RWS w 100  gWapń105 mg37%"}, {"header": "Przechowywanie i sposób przygotowania", "content": "Sposób podania:Wstrząsnąć przed spożyciem."}, {"header": "Pozostałe informacje", "content": "Kraj pochodzenia:PolandKraj pochodzenia zależy od konkretnej partii produktu jaka znajduje się w sklepie. Informację o kraju pochodzenia znajdziesz na opakowaniu. Możesz również dodać komentarz z preferowanym typem produktu w koszyku lub wiadomości dla shoppera (np. “prosze o pomidory polskie”).Producent:Danone sp. z o.o.\nul. Bobrowiecka 8\n00-728 Warszawa\nInfolinia: 801 33 11 33\nOpłata według taryfy operatoraNazwa wymagana prawnie:Jogurt o smaku truskawka-kiwi ze szczepem bakterii ActiRegularis."}], "images": ["data/images/4b0a2a58b4864d691a24cafb26ee256b.jpg"], "absolute_path": "Nabiał/Jogurty pitne/Produkt 22"}
{"name": "Produkt 2", "url": "https://zakupy.biedronka.pl/alpro-alpro-skyr-style-sojowy-waniliowy-150-g-0000019312.html", "title": "Alpro Skyr Style sojowy waniliowy 150 g", "brand": "Alpro", "price": "4.99 PLN", "packaging_details": "0.15kg- 33,27 zł / kg", "description_sections": [{"header": "Opis produktu", "content": "Alpro Skyr Style sojowy waniliowy 150 gNutriscore:A"}, {"header": "Składniki i alergeny", "content": "Składniki:Baza sojowa (91,5%) (woda, obłuszczone ziarnosoi(13,9%)), cukier, stabilizator (pektyny), regulatory kwasowości (kwas cytrynowy, cytryniany sodu, kwas jabłkowy), wapń, naturalny aromat, sól morska, przeciwutleniacze (mieszanina tokoferoli, estry kwasów tłuszczowych kwasu askorbinowego), zmielone ekstrahowane laski wanilii (0,02%), naturalny aromat waniliowy z innymi naturalnymi aromatami, sok z marchwi zagęszczony, witaminy B12, B2, D2, kultury jogurtowe (St. thermophilus, L. bulgaricus)Alergeny:Soja i produkty pochodneInne informacje o zawartości produktu:Zawiera surowce GMO:Nie, \n\nZawiera przeciwutleniacze:Tak, \n\nZawiera aromaty:Tak, \n\nPoziom znakowania Nutriscore:A"}, {"header": "Wartość odżywcza", "content": "W 100 gWartość energetyczna kcal77 kcalZawartość tłuszczów (ogólnie)3 gKwasy tłuszczowe nasycone0.5 gZawartość węglowodanów6.8 gCukry6.5 gZawartość błonnika1.1 gZawartość białek5.1 gZawartość soli0.24 gWitaminy i składniki mineralnew 100 g% RWS w 100 gRyboflawina (witamina B2)0.21 mg15%Wapń120 mg15%Witamina B120.38 μg15%Witamina D0.75 μg15%"}, {"header": "Pozostałe informacje", "content": "Kraj pochodzenia:BelgiaKraj pochodzenia zależy od konkretnej partii produktu jaka znajduje się w sklepie. Informację o kraju pochodzenia znajdziesz na opakowaniu. Możesz również dodać komentarz z preferowanym typem produktu w koszyku lub wiadomości dla shoppera (np. “prosze o pomidory polskie”).Producent:Danone sp. z o.o.,\nul. Bobrowiecka 8,\n00-728 Warszawa\n801 331 133\ninfo.polska@alpro.comImporter:Danone Sp. z o.o.Redutowa 9/23 01-103 Warszawa PLrecepcja.warszawa@danone.comNazwa wymagana prawnie:Produkt sojowy z żywymi kulturami bakterii, o smaku waniliowym, z wapniem i witaminami."}], "images": ["data/images/7b5b4e35530177180e6572702babddc8.jpg"], "absolute_path": "Nabiał/Jogurty vege/Produkt 2"}
{"name": "Produkt 4", "url": "https://zakupy.biedronka.pl/danio-danio-serek-o-smaku-waniliowym-4-x-130-g-520-g--0000012636.html", "title": "Danio Serek o smaku waniliowym (4 x 130 g) 520 g", "brand": "Danio", "price": "7.49 PLN", "packaging_details": "0.52kg- 13,38 zł / kg", "description_sections": [{"header": "Opis produktu", "content": "Teraz nowe, zdrowsze¹ Danio.Nowe Danio, zostało teraz wzbogacone w witaminę D i wapń, które pomagają w prawidłowym funkcjonowaniu mięśni oraz w utrzymaniu zdrowych kości.Wciąż tak samo pyszne i kremowe.Po prostu dobry skład.¹Teraz Danio jest wzbogacone w witaminę D. Witamina D pomaga w utrzymaniu zdrowych kości. Ważna jest zbilansowana i zróżnicowana dieta oraz zdrowy styl życia"}, {"header": "Składniki i alergeny", "content": "Składniki:twaróg odtłuszczony,śmietanka,woda,cukier,skrobia kukurydziana,wapń,sok z cytryny zagęszczony,naturalny aromat waniliowy z innymi naturalnymi aromatami,naturalne aromaty,witamina DAlergeny:Zawiera MlekoInne informacje o zawartości produktu:Smaki / Aromaty:Zawiera"}, {"header": "Wartość odżywcza", "content": "W 100 gWartość energetyczna101 kcalTłuszcz3.4 gw tym kwasy tłuszczowe nasycone2.2 gWęglowodany12 gw tym cukry10.9 gBiałko5.5 gSól0.08 gWitaminy i składniki mineralnew 100  g% RWS w 100  gWapń120 mg15%Witamina D0.75 µg15%"}, {"header": "Pozostałe informacje", "content": "Producent:Danone sp. z o.o.,\nul. Bobrowiecka 8,\n00-728 Warszawa\nInfolinia: 801 33 11 33\nOpłata według taryfy operatora\nwww.danio.com.plDystrybutor:Jeronimo Martins Polska S.A.Żniwna 5 62-025 Kostrzyn PLImporter:Jeronimo Martins Polska S.A.Żniwna 5 62-025 Kostrzyn PLNazwa wymagana prawnie:Serek homogenizowany o smaku waniliowym wzbogacony w wapń i witaminę D."}], "images": ["data/images/230d2505db33d52ea605d153ab0821fe.jpg"], "absolute_path": "Nabiał/Serki/Produkt 4"}
{"name": "Produkt 1", "url": "https://zakupy.biedronka.pl/rolmlecz-rolmlecz-serek-waniliowy-200-g-0000004246.html", "title": "Rolmlecz Serek waniliowy 200 g", "brand": "Rolmlecz", "price": "3.19 PLN", "packaging_details": "0.2kg- 15,95 zł / kg", "description_sections": [{"header": "Składniki i alergeny", "content": "Składniki:mleko,śmietanka,cukier,białkamleka,aromat,kultury bakterii mlekowychAlergeny:Zawiera MlekoInne informacje o zawartości produktu:Smaki / Aromaty:Zawiera"}, {"header": "Wartość odżywcza", "content": "W 100 gWartość energetyczna138 kcalTłuszcz5.5 gw tym kwasy tłuszczowe nasycone3.6 gWęglowodany15 gw tym cukry14 gBiałko7 gSól0.1 g"}, {"header": "Pozostałe informacje", "content": "Kraj pochodzenia:PolskaKraj pochodzenia zależy od konkretnej partii produktu jaka znajduje się w sklepie. Informację o kraju pochodzenia znajdziesz na opakowaniu. Możesz również dodać komentarz z preferowanym typem produktu w koszyku lub wiadomości dla shoppera (np. “prosze o pomidory polskie”).Producent:Spółdzielnia Mleczarska „MLEKPOL\" w Grajewie\nul. Elewatorska 13,\n19-203 Grajewo\nwww.mlekpol.com.plNazwa wymagana prawnie:Serek homogenizowany waniliowy."}], "images": ["data/images/25f6413e7a52db5f057b877bd814c796.jpg"], "absolute_path": "Nabiał/Serki/Produkt 1"}
{"name": "Produkt 3", "url": "https://zakupy.biedronka.pl/danio-danio-serek-homogenizowany-o-smaku-waniliowym-120-g-0000010700.html", "title": "Danio Serek homogenizowany o smaku waniliowym 120 g", "brand": "Danio", "price": "3.79 PLN", "packaging_details": "0.12kg- 31,58 zł / kg", "description_sections": [{"header": "Opis produktu", "content": "Wychodzisz z domu? Zabierz ze sobą pyszne i pożywne* Danio w saszetce o smaku waniliowym! Dzięki wygodnemu i poręcznemu opakowaniu z zakrętką, można je spożyć nawet do 6 godzin po wyjęciu z lodówki. Danio jest bogatym źródłem białka, dlatego jest takie pożywne! Rozsmakuj się w waniliowym Danio już dziś i pozwól mu się stać elementem Twojej codziennej zbilansowanej diety!*Bogate źródło białka.Nutriscore:B"}, {"header": "Składniki i alergeny", "content": "Składniki:twaróg odtłuszczony,śmietanka,woda,cukier,skrobia kukurydziana,naturalny aromat waniliowy z innymi naturalnymi aromatami,sok z cytryny zagęszczonyAlergeny:Zawiera MlekoInne informacje o zawartości produktu:Additives:Contains, \n\nFlavours:Contains"}, {"header": "Wartość odżywcza", "content": "W 100 gWartość energetyczna94 kcalTłuszcz2.5 gw tym kwasy tłuszczowe nasycone1.6 gWęglowodany12.2 gw tym cukry11 gBiałko5.5 gSól0.08 g"}, {"header": "Przechowywanie i sposób przygotowania", "content": "Sposób podania:Spożyć do 6h po wyjęciu z lodówkiProdukt nie powinien zostać spożyty jeśli opakowanie zostało uszkodzone. Delikatnie pougniataj opakowanie przed otwarciem."}, {"header": "Pozostałe informacje", "content": "Kraj pochodzenia:PolandKraj pochodzenia zależy od konkretnej partii produktu jaka znajduje się w sklepie. Informację o kraju pochodzenia znajdziesz na opakowaniu. Możesz również dodać komentarz z preferowanym typem produktu w koszyku lub wiadomości dla shoppera (np. “prosze o pomidory polskie”).Producent:Danone sp. z o.o.,\nul. Bobrowiecka 8\n00-728 Warszawa\n801 331 133\nOpłata według taryfy operatora\nwww.danio.com.plImporter:Danone Sp. z o.o.Redutowa 9/23 01-103 Warszawa PLrecepcja.warszawa@danone.comNazwa wymagana prawnie:Serek homogenizowany o smaku waniliowym."}], "images": ["data/images/70fd1082d254b671082f0b06bf5438a3.jpg"], "absolute_path": "Nabiał/Serki/Produkt 3"}
{"name": "Produkt 2", "url": "https://zakupy.biedronka.pl/delikate-delikate-serek-wiejski-bez-laktozy-200-g-0000004491.html", "title": "Delikate Serek wiejski bez laktozy 200 g", "brand": "Delikate", "price": "2.99 PLN", "packaging_details": "0.2kg- 14,95 zł / kg", "description_sections": [{"header": "Opis produktu", "content": "Nutriscore:B"}, {"header": "Składniki i alergeny", "content": "Składniki:Ziarno twarogowe, śmietanka, sól.Alergeny:Mleko i produkty pochodne (łącznie z laktozą)Inne informacje o zawartości produktu:Zawiera surowce GMO:Nie, \n\nPoziom znakowania Nutriscore:B, \n\nDodatkowe informacje na temat produktu:Zawartość laktozy <0,01g/100 g"}, {"header": "Wartość odżywcza", "content": "W 100 gWartość energetyczna kcal97 kcalZawartość tłuszczów (ogólnie)5 gKwasy tłuszczowe nasycone3.3 gZawartość węglowodanów20 gCukry2 gZawartość błonnika0 gZawartość białek11 gZawartość soli0.7 g"}, {"header": "Przechowywanie i sposób przygotowania", "content": "Sposób przygotowania:Wymieszać przed spożyciem."}, {"header": "Pozostałe informacje", "content": "Producent:SM MLEKOVITADystrybutor:Jeronimo Martins Polska S.A.Żniwna 5 62-025 KostrzynImporter:Jeronimo Martins Polska S.A.Żniwna 5 62-025 Kostrzyn PLNazwa wymagana prawnie:Serek wiejski bez laktozy"}], "images": ["data/images/98c563c4d9e8c9a32fd8e933afce6b59.jpg", "data/images/fe1d3c708fc51d47e70cea1db8429d95.jpg", "data/images/e1bb2eb08c824dda718732f47a71dc2b.jpg"], "absolute_path": "Nabiał/Serki/Produkt 2"}
{"name": "Produkt 5", "url": "https://zakupy.biedronka.pl/bakus-bakus-serek-truskawkowy-z-dodatkiem-wapnia-witamin-d-b6-i-b12-90-g-0000006584.html", "title": "Bakuś Serek truskawkowy z dodatkiem wapnia, witamin D, B6 i B12 90 g", "brand": "Bakuś", "price": "2.25 PLN", "packaging_details": "0.09kg- 25,00 zł / kg", "description_sections": [{"header": "Opis produktu", "content": "Z myślą o dzieciach do tradycyjnego puszystego serka Bakuś dodaliśmy wapń, witaminę D oraz kwasy Omega 3 i tak powstał super Bakuś. Bakuś posiada Formułę Zrównoważonego Rozwoju, która zawiera wapń i witaminę D potrzebne dla prawidłowego rozwoju kości u dzieci oraz DHA - kwas Omega 3, który przyczynia się do prawidłowego funkcjonowania mózgu."}, {"header": "Składniki i alergeny", "content": "Składniki:twarożek odtłuszczony zmlekapasteryzowanego, śmietanka, cukier, truskawki 3,3%, białkamleka, żelatyna wieprzowa, koncentrat soku z buraka, aromat, wapń, witaminy: D, B6, B12. Może zawierać gluten."}, {"header": "Pozostałe informacje", "content": "Kraj pochodzenia:PolskaKraj pochodzenia zależy od konkretnej partii produktu jaka znajduje się w sklepie. Informację o kraju pochodzenia znajdziesz na opakowaniu. Możesz również dodać komentarz z preferowanym typem produktu w koszyku lub wiadomości dla shoppera (np. “prosze o pomidory polskie”).Nazwa wymagana prawnie:Serek truskawkowy napowietrzany z dodatkiem wapnia, witamin D, B6 i B12"}], "images": ["data/images/a58589ae0178f7fda90337d43a00f7d7.jpg", "data/images/e2d3387d36d389f6f59b52f7624e8afd.jpg", "data/images/b52b03a0a60b2462f49377440082d7ab.jpg"], "absolute_path": "Nabiał/Serki/Produkt 5"}
{"name": "Produkt 7", "url": "https://zakupy.biedronka.pl/danio-danio-serek-homogenizowany-truskawkowy-130-g-0000011674.html", "title": "Danio Serek homogenizowany truskawkowy 130 g", "brand": "Danio", "price": "2.49 PLN", "packaging_details": "0.13kg- 19,15 zł / kg", "description_sections": [{"header": "Opis produktu", "content": "Wybierz pyszne i pożywne*  Danio o smaku truskawkowym! To wspaniała propozycja dla każdego, kto stawia na smaczne, ale i wartościowe elementy codziennej zbilansowanej diety - w końcu Danio smaku truskawkowym jest nie tylko smaczne, ale także jest bogatym źródłem białka. To smak, który pokochało wielu.*Bogate źródło białka.Nutriscore:B"}, {"header": "Składniki i alergeny", "content": "Składniki:twaróg odtłuszczony,śmietanka,cukier,woda,przecier truskawkowy 4,5 %,skrobia kukurydziana,soki z marchwi, jabłka i cytryny zagęszczone,aromat"}, {"header": "Pozostałe informacje", "content": "Nazwa wymagana prawnie:Serek homogenizowany truskawkowy."}], "images": ["data/images/1fdff05196ef3b566ec79314f661e9aa.jpg"], "absolute_path": "Nabiał/Serki/Produkt 7"}
{"name": "Produkt 9", "url": "https://zakupy.biedronka.pl/danio-danio-serek-homogenizowany-z-kawalkami-czekolady-130-g-0000011673.html", "title": "Danio Serek homogenizowany z kawałkami czekolady 130 g", "brand": "Danio", "price": "2.49 PLN", "packaging_details": "0.13kg- 19,15 zł / kg", "description_sections": [{"header": "Opis produktu", "content": "Wybierz pyszne i pożywne*  Danio z kawałkami czekolady! To wspaniała propozycja dla każdego, kto stawia na smaczne, ale i wartościowe elementy codziennej zbilansowanej diety - w końcu Danio z kawałkami czekolady jest nie tylko smaczne, ale także jest bogatym źródłem białka. To smak, który pokochało wielu.*Bogate źródło białka.Nutriscore:B"}, {"header": "Składniki i alergeny", "content": "Składniki:twaróg odtłuszczony,śmietanka,cukier,woda,kawałki czekolady 1 %,skrobia kukurydziana,sok z cytryny zagęszczony,aromaty,substancja zagęszczająca (pektyny)"}, {"header": "Pozostałe informacje", "content": "Nazwa wymagana prawnie:Serek homogenizowany z kawałkami czekolady."}], "images": ["data/images/80359cd6d011444a8891c6c7744b1f46.jpg"], "absolute_path": "Nabiał/Serki/Produkt 9"}
{"name": "Produkt 10", "url": "https://zakupy.biedronka.pl/bakus-bakus-serek-waniliowy-z-dodatkiem-wapnia-witamin-d-b6-i-b12-90-g-0000006585.html", "title": "Bakuś Serek waniliowy z dodatkiem wapnia, witamin D, B6 i B12 90 g", "brand": "Bakuś", "price": "2.25 PLN", "packaging_details": "0.09kg- 25,00 zł / kg", "description_sections": [{"header": "Opis produktu", "content": "Z myślą o dzieciach do tradycyjnego puszystego serka Bakuś dodaliśmy wapń, witaminę D oraz kwasy Omega 3 i tak powstał super Bakuś. Bakuś posiada Formułę Zrównoważonego Rozwoju, która zawiera wapń i witaminę D potrzebne dla prawidłowego rozwoju kości u dzieci oraz DHA - kwas Omega 3, który przyczynia się do prawidłowego funkcjonowania mózgu."}, {"header": "Składniki i alergeny", "content": "Składniki:twarożek odtłuszczony zmlekapasteryzowanego, śmietanka, cukier białkamleka, żelatyna wieprzowa, naturalny aromat waniliowy, wapń, witaminy: D, B6, B12."}, {"header": "Pozostałe informacje", "content": "Kraj pochodzenia:PolskaKraj pochodzenia zależy od konkretnej partii produktu jaka znajduje się w sklepie. Informację o kraju pochodzenia znajdziesz na opakowaniu. Możesz również dodać komentarz z preferowanym typem produktu w koszyku lub wiadomości dla shoppera (np. “prosze o pomidory polskie”).Nazwa wymagana prawnie:Serek waniliowy napowietrzany z dodatkiem wapnia, witamin D, B6 i B12"}], "images": ["data/images/ab772d6075a14cbefddfbb9dde0ce49f.jpg", "data/images/be539d218cfc3013670f0c65fa2164bf.jpg", "data/images/50beb00da66364172bb13cc63951a106.jpg"], "absolute_path": "Nabiał/Serki/Produkt 10"}
{"name": "Produkt 11", "url": "https://zakupy.biedronka.pl/danio-danio-serek-homogenizowany-o-smaku-waniliowym-130-g-0000011672.html", "title": "Danio Serek homogenizowany o smaku waniliowym 130 g", "brand": "Danio", "price": "2.49 PLN", "packaging_details": "0.13kg- 19,15 zł / kg", "description_sections": [{"header": "Opis produktu", "content": "Danio Serek homogenizowany o smaku waniliowym 130 gNutriscore:B"}, {"header": "Składniki i alergeny", "content": "Składniki:twaróg odtłuszczony, śmietanka, woda, cukier, skrobia kukurydziana, naturalny aromat waniliowy z innymi naturalnymi aromatami, sok z cytryny zagęszczony.Alergeny:Mleko i produkty pochodne (łącznie z laktozą)"}, {"header": "Pozostałe informacje", "content": "Kraj pochodzenia:PolskaKraj pochodzenia zależy od konkretnej partii produktu jaka znajduje się w sklepie. Informację o kraju pochodzenia znajdziesz na opakowaniu. Możesz również dodać komentarz z preferowanym typem produktu w koszyku lub wiadomości dla shoppera (np. “prosze o pomidory polskie”).Nazwa wymagana prawnie:Serek homogenizowany o smaku waniliowym"}], "images": ["data/images/88bb6e341e053103f28ba7bc64447e72.jpg"], "absolute_path": "Nabiał/Serki/Produkt 11"}
{"name": "Produkt 3", "url": "https://zakupy.biedronka.pl/m%C3%BCllermilch-m%C3%BCllermilch-protein-napoj-mleczny-malina-400-g-0000023816.html", "title": "Müllermilch Protein Napój mleczny malina 400 g", "brand": "Müllermilch", "price": "5.59 PLN", "packaging_details": "0.4kg- 13,98 zł / kg", "description_sections": [{"header": "Opis produktu", "content": "Müllermilch Protein ZeroNapój mleczny z wysoką zawartością białka, bez dodatku cukru"}, {"header": "Składniki i alergeny", "content": "Składniki:Mleko, produkt z białekmleka, koncentratmlekaodtłuszczonego, 0,06 % zagęszczony sok malinowy, barwnik: kwas karminowy; stabilizator: guma gellan; substancje słodzące: acesulfam K, cyklaminiany, sacharyny; aromat, tiamina, ryboflawina, witamina B6, witamina B12Alergeny:Mleko i produkty pochodne (łącznie z laktozą)Inne informacje o zawartości produktu:Zawiera surowce GMO:Nie, \n\nInformacje szczegółowe dotyczące środków słodzących:zawiera substancję słodzącą, zawiera źródło fenyloalaniny, \n\nZawiera lukrecję:Nie, \n\nZawiera chininę:Nie, \n\nZawiera taurynę:Nie, \n\nZawiera barwniki:Nie, \n\nZawiera aromaty:Tak, \n\nZawiera kofeinę:Nie"}, {"header": "Wartość odżywcza", "content": "W 100 gWartość energetyczna kcal62 kcalZawartość tłuszczów (ogólnie)1.5 gKwasy tłuszczowe nasycone1 gZawartość węglowodanów5.4 gCukry5.4 gZawartość białek6.5 gZawartość soli0.2 gWitaminy i składniki mineralnew 100 g% RWS w 100 gPirydoksyna (witamina B6)0.28 mg20%Ryboflawina (witamina B2)0.35 mg25%Tiamina (witamina B1)0.23 mg21%Witamina B120.5 μg20%"}, {"header": "Przechowywanie i sposób przygotowania", "content": "Sposób podania:produkt gotowy do spożycia"}, {"header": "Pozostałe informacje", "content": "Kraj pochodzenia:NiemcyKraj pochodzenia zależy od konkretnej partii produktu jaka znajduje się w sklepie. Informację o kraju pochodzenia znajdziesz na opakowaniu. Możesz również dodać komentarz z preferowanym typem produktu w koszyku lub wiadomości dla shoppera (np. “prosze o pomidory polskie”).Nazwa wymagana prawnie:Napój mleczny z wysoką zawartością białka, o smaku malinowym, wzbogacony w witaminy. Pasteryzowany. Zawiera substancje słodzące."}], "images": ["data/images/40dcad69ae0240352259b2f4a7c854c2.jpg"], "absolute_path": "Nabiał/Desery/Produkt 3"}
{"name": "Produkt 1", "url": "https://zakupy.biedronka.pl/go-active-go-active-pudding-proteinowy-smak-waniliowy-200-g-0000009636.html", "title": "Go Active Pudding proteinowy smak waniliowy 200 g", "brand": "Go Active", "price": "4.35 PLN", "packaging_details": "0.2kg- 21,75 zł / kg", "description_sections": [{"header": "Opis produktu", "content": "Nutriscore:A"}, {"header": "Składniki i alergeny", "content": "Składniki:mleko87%, białkamleka, skrobie modyfikowane, regulator kwasowości: fosforany sodu; substancja zagęszczająca: karagen; ekstrakt z wanilii, aromaty naturalne, barwnik: karoteny; substancje słodzące: acesulfam K, sukralozaAlergeny:Mleko i produkty pochodne (łącznie z laktozą)Inne informacje o zawartości produktu:Zawiera surowce GMO:Nie, \n\nInformacje szczegółowe dotyczące środków słodzących:zawiera substancję słodzącą, \n\nZawiera fosforany:Tak, \n\nZawiera barwniki:Tak, \n\nZawiera aromaty:Tak, \n\nPoziom znakowania Nutriscore:A, \n\nDodatki zawarte w produkcie (E-symbole):E950 Acesulfam K, E955 Sukraloza (syntetyk wytwarzany z cukru i chloru), E407 Karagen, E160a Karoteny, E339 Fosforany sodu, \n\nFunkcje dodatków obecnych w produkcie (zadeklarowanych jako dodatki lub numery E):Regulator kwasowości, Barwnik, Substancja zagęszczająca, Substancja słodząca"}, {"header": "Wartość odżywcza", "content": "W 100 gWartość energetyczna kcal76 kcalZawartość tłuszczów (ogólnie)1.3 gKwasy tłuszczowe nasycone0.8 gZawartość węglowodanów6 gCukry4.4 gZawartość błonnika0.1 gZawartość białek10 gZawartość soli0.27 g"}, {"header": "Pozostałe informacje", "content": "Producent:Jeronimo Martins Polska S.A.Dystrybutor:Jeronimo Martins Polska S.A.Żniwna 5 62-025 KostrzynImporter:Jeronimo Martins Polska S.A.Żniwna 5 62-025 Kostrzyn PLNazwa wymagana prawnie:Deser mleczny wysokobiałkowy o smaku waniliowym"}], "images": ["data/images/40022d087a9532b98f7e2db3a649b45a.jpg", "data/images/3d9034d26d4b6e69d52874fcb24abd14.jpg", "data/images/a10c17d8e78bcf74fde83cf65c6318fa.jpg"], "absolute_path": "Nabiał/Desery/Produkt 1"}
{"name": "Produkt 2", "url": "https://zakupy.biedronka.pl/go-active-go-active-pudding-proteinowy-smak-czekoladowy-200-g-0000009637.html", "title": "Go Active Pudding proteinowy smak czekoladowy 200 g", "brand": "Go Active", "price": "4.35 PLN", "packaging_details": "0.2kg- 21,75 zł / kg", "description_sections": [{"header": "Opis produktu", "content": "Nutriscore:A"}, {"header": "Składniki i alergeny", "content": "Składniki:mleko85%, białkamleka, kakao w proszku obniżonej zawartości tłuszczu 2,5%, skrobie modyfikowane, aromaty naturalne, regulator kwasowości: fosforany sodu; substancja zagęszczająca: karagen; substancje słodzące: acesulfam K, sukralozaAlergeny:Mleko i produkty pochodne (łącznie z laktozą)Inne informacje o zawartości produktu:Zawiera surowce GMO:Nie, \n\nInformacje szczegółowe dotyczące środków słodzących:zawiera substancję słodzącą, \n\nZawiera fosforany:Tak, \n\nZawiera aromaty:Tak, \n\nPoziom znakowania Nutriscore:A, \n\nDodatki zawarte w produkcie (E-symbole):E950 Acesulfam K, E955 Sukraloza (syntetyk wytwarzany z cukru i chloru), E407 Karagen, E339 Fosforany sodu, \n\nFunkcje dodatków obecnych w produkcie (zadeklarowanych jako dodatki lub numery E):Substancja zagęszczająca, Substancja słodząca, Regulator kwasowości"}, {"header": "Wartość odżywcza", "content": "W 100 gWartość energetyczna kcal81 kcalZawartość tłuszczów (ogólnie)1.5 gKwasy tłuszczowe nasycone1 gZawartość węglowodanów6.4 gCukry5.2 gZawartość błonnika0.9 gZawartość białek10 gZawartość soli0.25 g"}, {"header": "Pozostałe informacje", "content": "Producent:Jeronimo Martins Polska S.A.Dystrybutor:Jeronimo Martins Polska S.A.Żniwna 5 62-025 KostrzynImporter:Jeronimo Martins Polska S.A.Żniwna 5 62-025 Kostrzyn PLNazwa wymagana prawnie:Deser mleczny wysokobiałkowy o smaku czekoladowym"}], "images": ["data/images/bc701d9a51672f81737d535f80640e8c.jpg", "data/images/0f1b024b08add930a3e49ea64a13bbe7.jpg", "data/images/90d58831c32eb42ea2c889ad4aa1653e.jpg"], "absolute_path": "Nabiał/Desery/Produkt 2"}
{"name": "Produkt 4", "url": "https://zakupy.biedronka.pl/zott-monte-zott-monte-deser-150-g-0000016500.html", "title": "Zott Monte Deser 150 g", "brand": "Zott Monte", "price": "3.99 PLN", "packaging_details": "0.15kg- 26,60 zł / kg", "description_sections": [{"header": "Składniki i alergeny", "content": "Składniki:mleko(52 %),śmietanka,cukier,skrobia modyfikowana,kakao w proszku o obniżonej zawartości tłuszczu (0,7 %),zmieloneorzechylaskowe(0,5 %),czekolada w proszku (0,5 %),skrobia,substancje zagęszczające: karagen, maczka chleba świętojańskiego,wapń,aromatAlergeny:Zawiera Orzechy laskowe, \n\nZawiera Mleko"}, {"header": "Wartość odżywcza", "content": "W 100 gWartość energetyczna183 kcalTłuszcz12.2 gw tym kwasy tłuszczowe nasycone8.1 gWęglowodany15.5 gw tym cukry13.6 gBiałko2.6 gSól0.1 gWitaminy i składniki mineralnew 100  g% RWS w 100  gWapń120 mg0%Witamina A120 µg0%"}, {"header": "Pozostałe informacje", "content": "Producent:Zott SE & Co. KG,\nDr.-Steichele-Str. 4,\n86690 Mertingen,\nNiemcyDystrybutor:Zott Polska Sp. z o.o.ul. Chłodnicza 6 45-315 OpoleNazwa wymagana prawnie:Deser mleczny z czekoladą i orzechami."}], "images": ["data/images/09842dc802e2a483f46fb855d73dfcce.jpg"], "absolute_path": "Nabiał/Desery/Produkt 4"}
{"name": "Produkt 8", "url": "https://zakupy.biedronka.pl/kinder-kinder-mleczna-kanapka-biszkopt-z-mlecznym-nadzieniem-28-g-0000001174.html", "title": "Kinder Mleczna Kanapka Biszkopt z mlecznym nadzieniem 28 g", "brand": "Kinder", "price": "1.99 PLN", "packaging_details": "0.028kg- 71,07 zł / kg", "description_sections": [{"header": "Opis produktu", "content": "Nie zawiera substancji konserwujących i barwników."}, {"header": "Składniki i alergeny", "content": "Składniki:pasteryzowanemleko(40 %),olej palmowy,cukier,mąkapszenna(10,5 %),mlekoodtłuszczone w proszku (9 %),miód (5 %),masłoodwodnione,jajaw proszku,kakao w proszku o obniżonej zawartości tłuszczu,otrębypszennedrobne,substancje spulchniające (difosforan disodowy, wodorowęglan sodu, węglan amonu),emulgator (mono- i diglicerydy kwasów tłuszczowych),sól,aromatyAlergeny:Zawiera Jaja, \n\nZawiera Mleko, \n\nMoże zawierać Soja, \n\nZawiera PszenicaInne informacje o zawartości produktu:Barwniki:Nie zawiera, \n\nSmaki / Aromaty:Zawiera, \n\nkonserwanty:Nie zawiera"}, {"header": "Wartość odżywcza", "content": "W 100 gWartość energetyczna421 kcalTłuszcz27.9 gw tym kwasy tłuszczowe nasycone16.6 gWęglowodany34 gw tym cukry29.5 gBiałko7.9 gSól0.61 g"}, {"header": "Pozostałe informacje", "content": "Producent:Ferrero Polska Commercial Sp. z o.o.,\nul. Wiertnicza 126,\n02-952 Warszawa\nInfolinia Ferrero w Polsce\n801 550 550\nOpłata według stawek operatora\nwww.ferrero.pl\nserwis.konsumencki@ferrero.comNazwa wymagana prawnie:Biszkopt z mlecznym nadzieniem (65 %)."}], "images": ["data/images/6a34bc252255891b0dbf5c3ddc76d3f6.jpg"], "absolute_path": "Nabiał/Desery/Produkt 8"}
{"name": "Produkt 9", "url": "https://zakupy.biedronka.pl/fantasia-fantasia-jogurt-kremowy-z-platkami-w-czekoladzie-102-g-0000001305.html", "title": "Fantasia Jogurt kremowy z płatkami w czekoladzie 102 g", "brand": "Fantasia", "price": "2.99 PLN", "packaging_details": "0.102kg- 30,51 zł / kg", "description_sections": [{"header": "Opis produktu", "content": "Mieszasz? Czy jesz osobno? Teraz każdy sposób rozkoszowania się aksamitnym jogurtem Fantasia i chrupiącymi, czekoladowymi płatkami jest dobry! Dzięki wygodnemu, dwukomorowemu kubeczkowi to Ty decydujesz jak jesz Fantasia! Jedz tak jak lubisz!"}, {"header": "Składniki i alergeny", "content": "Składniki:jogurt: [mlekoodtłuszczone, śmietanka, cukier, żywe kultury bakterii jogurtowych,mlekoodtłuszczone w proszku],kukurydziane płatki w czekoladzie: [mąka kukurydziana 3,5 %, cukier, tłuszcz kakaowy, pełnemlekow proszku, miazga kakaowa, sól, emulgator: lecytyny (soja, słonecznik); słódjęczmienny, naturalny aromat waniliowy]Alergeny:Zawiera Jęczmień, \n\nMoże zawierać Jaja, \n\nZawiera Mleko, \n\nMoże zawierać Orzechy, \n\nMoże zawierać Orzeszki ziemne, \n\nZawiera Soja"}, {"header": "Wartość odżywcza", "content": "W 100 gWartość energetyczna157 kcalTłuszcz8.4 gw tym kwasy tłuszczowe nasycone5.3 gWęglowodany16.9 gw tym cukry13.8 gBiałko3.3 gSól0.18 g"}, {"header": "Pozostałe informacje", "content": "Kraj pochodzenia:PolskaKraj pochodzenia zależy od konkretnej partii produktu jaka znajduje się w sklepie. Informację o kraju pochodzenia znajdziesz na opakowaniu. Możesz również dodać komentarz z preferowanym typem produktu w koszyku lub wiadomości dla shoppera (np. “prosze o pomidory polskie”).Producent:Danone Sp. z o.o.\nul. Redutowa 9\\23,\n01-103 Warszawa\nInfolinia: 801 33 11 33\nwww.danone.plNazwa wymagana prawnie:Jogurt kremowy z 10,8 % kukurydzianych płatków w czekoladzie (6,9 %)."}], "images": ["data/images/1af1da2999c69307a33a61672a8000de.jpg"], "absolute_path": "Nabiał/Desery/Produkt 9"}
{"name": "Produkt 7", "url": "https://zakupy.biedronka.pl/fantasia-fantasia-jogurt-kremowy-chrupiacy-slony-karmel-99-g-0000017919.html", "title": "Fantasia Jogurt kremowy chrupiący słony karmel 99 g", "brand": "Fantasia", "price": "2.99 PLN", "packaging_details": "0.099kg- 30,51 zł / kg", "description_sections": [{"header": "Opis produktu", "content": "Mieszasz? Czy jesz osobno? Teraz każdy sposób rozkoszowania się aksamitnym jogurtem Fantasia i chrupiącymi kawałkami słonego karmelu jest dobry! Dzięki wygodnemu, dwukomorowemu kubeczkowi to Ty decydujesz jak jesz Fantasia! Jedz tak jak lubisz!"}, {"header": "Składniki i alergeny", "content": "Składniki:mlekoodtłuszczone,śmietanka (zmleka),chrupki w polewie o smaku słonego karmelu 8,1% [cukier, tłuszcz kakaowy,mlekopełne w proszku, mąka ryżowa, mąkapszenna, sól, proszek karmelowy 0,17% (cukier,mlekoodtłuszczone w proszku),mlekoodtłuszczone w proszku, miazga kakaowa, otrębypszenne, słódjęczmienny, emulgator (lecytyny), naturalny aromat, barwnik (ekstrakt z papryki)],cukier,żywe kultury bakterii jogurtowych,odtłuszczonemlekow proszku,% - odnosi się do zawartości składnika w całym produkcieAlergeny:Zawiera Jęczmień, \n\nMoże zawierać Jaja, \n\nZawiera Mleko, \n\nMoże zawierać Orzechy, \n\nMoże zawierać Orzeszki ziemne, \n\nMoże zawierać Soja, \n\nZawiera Pszenica"}, {"header": "Wartość odżywcza", "content": "Wartość energetyczna147 kcalTłuszcz8.4 gw tym kwasy tłuszczowe nasycone5.3 gWęglowodany14.7 gw tym cukry13.3 gBiałko3.2 gSól0.31 g"}, {"header": "Pozostałe informacje", "content": "Producent:Danone sp. z o.o.,\nul. Redutowa 9\\23,\n01-103 Warszawa\n\nInfolinia: 801 33 11 33\nOpłata według taryfy operatora\nwww.danone.plNazwa wymagana prawnie:Jogurt kremowy z 8,1% chrupek w polewie o smaku słonego karmelu (6%)."}], "images": ["data/images/443550a2c510f114bd135f5264859d88.jpg"], "absolute_path": "Nabiał/Desery/Produkt 7"}
{"name": "Produkt 6", "url": "https://zakupy.biedronka.pl/danone-danone-yopro-jogurt-smak-stracciatella-160-g-0000019292.html", "title": "Danone YoPro Jogurt smak stracciatella 160 g", "brand": "Danone", "price": "4.59 PLN", "packaging_details": "0.16kg- 28,69 zł / kg", "description_sections": [{"header": "Opis produktu", "content": "Pyszny jogurt zawierający 15 g białka² w porcji, wzbogacony w magnez, który wspiera Twoje mięśnie³ oraz witaminę B9 pomagającą zmniejszyć uczucie zmęczenia⁴Pamiętaj, że ważna jest zbilansowana dieta oraz zdrowy styl życia.²Białko przyczynia się do utrzymania i wzrostu masy mięśniowej.³Magnez pomaga w prawidłowym funkcjonowaniu mięśni.⁴Witamina B9 (kwas foliowy) przyczynia się do zmniejszenia uczucia zmęczenia i znużenia.Subrand:YoPro"}, {"header": "Składniki i alergeny", "content": "Składniki:mlekoodtłuszczone,woda,magnez,drobinki kakaowe 0,47 % (tłuszcz kakaowy, kakao, kakao o obniżonej zawartość tłuszczu),skrobia modyfikowana,regulatory kwasowości: kwas mlekowy, cytryniany wapnia, cytryniany sodu,aromat,substancja zagęszczająca: pektyny,substancje słodzące: acesulfam K, sukraloza,kwas foliowy (witamina B9),żywe kultury bakterii jogurtowychAlergeny:Zawiera MlekoInne informacje o zawartości produktu:Additives:Contains, \n\nFlavours:Contains, \n\nSweeteners:Contains"}, {"header": "Wartość odżywcza", "content": "W 100 gWartość energetyczna57 kcalTłuszcz0.5 gw tym kwasy tłuszczowe nasycone0.3 gWęglowodany3.6 gw tym cukry3.1 gBiałko9.4 gSól0.1 gWitaminy i składniki mineralnew 100  g% RWS w 100  gKwas foliowy30 µg24%Magnez56.3 mg24%"}, {"header": "Pozostałe informacje", "content": "Kraj pochodzenia:FranceKraj pochodzenia zależy od konkretnej partii produktu jaka znajduje się w sklepie. Informację o kraju pochodzenia znajdziesz na opakowaniu. Możesz również dodać komentarz z preferowanym typem produktu w koszyku lub wiadomości dla shoppera (np. “prosze o pomidory polskie”).Producent:Danone sp. z o.o.\nul. Bobrowiecka 8\n00-728 Warszawa\n\nInfolinia: 801 33 11 33\nOpłata według taryfy lokalnejImporter:Danone Sp. z o.o.Bobrowiecka 8 00-728 Warszawa PLrecepcja.warszawa@danone.comNazwa wymagana prawnie:Jogurt o smaku stracciatella, z magnezem i witaminą B9. Zawiera substancje słodzące."}], "images": ["data/images/f26c07266b209d6562bcd54ac92809c2.jpg"], "absolute_path": "Nabiał/Desery/Produkt 6"}
{"name": "Produkt 5", "url": "https://zakupy.biedronka.pl/go-active-go-active-pudding-proteinowy-o-smaku-slonego-karmelu-200-g-0000009638.html", "title": "Go Active Pudding proteinowy o smaku słonego karmelu 200 g", "brand": "Go Active", "price": "4.35 PLN", "packaging_details": "0.2kg- 21,75 zł / kg", "description_sections": [{"header": "Opis produktu", "content": "Nutriscore:A"}, {"header": "Składniki i alergeny", "content": "Składniki:mleko87%, białkamleka, skrobie modyfikowane, regulator kwasowości: fosforany sodu; aromaty naturalne, barwniki: karmel, karoteny; substancja zagęszczająca: karagen; substancje słodzące: sukraloza, acesulfam K; sól morskaAlergeny:Mleko i produkty pochodne (łącznie z laktozą)Inne informacje o zawartości produktu:Zawiera surowce GMO:Nie, \n\nInformacje szczegółowe dotyczące środków słodzących:zawiera substancję słodzącą, \n\nZawiera fosforany:Tak, \n\nZawiera barwniki:Tak, \n\nZawiera aromaty:Tak, \n\nPoziom znakowania Nutriscore:A, \n\nDodatki zawarte w produkcie (E-symbole):E407 Karagen, E160a Karoteny, E150a Karmel prosty, E955 Sukraloza (syntetyk wytwarzany z cukru i chloru), E950 Acesulfam K, E339 Fosforany sodu, \n\nFunkcje dodatków obecnych w produkcie (zadeklarowanych jako dodatki lub numery E):Barwnik, Substancja zagęszczająca, Substancja słodząca, Regulator kwasowości"}, {"header": "Wartość odżywcza", "content": "W 100 gWartość energetyczna kcal77 kcalZawartość tłuszczów (ogólnie)1.3 gKwasy tłuszczowe nasycone0.8 gZawartość węglowodanów6.3 gCukry4.3 gZawartość błonnika0.1 gZawartość białek10 gZawartość soli0.32 g"}, {"header": "Pozostałe informacje", "content": "Producent:Jeronimo Martins Polska S.A.Dystrybutor:Jeronimo Martins Polska S.A.Żniwna 5 62-025 KostrzynImporter:Jeronimo Martins Polska S.A.Żniwna 5 62-025 Kostrzyn PLNazwa wymagana prawnie:Deser mleczny wysokobiałkowy o smaku karmelowym"}], "images": ["data/images/a93a16cd64968e80367fea13773dd3ee.jpg", "data/images/b224c223fcaf8837fb08cd30484d6c07.jpg", "data/images/7209077aaf02a52db78b531a0237419d.jpg"], "absolute_path": "Nabiał/Desery/Produkt 5"}
{"name": "Produkt 14", "url": "https://zakupy.biedronka.pl/zott-zott-belriso-deser-mleczny-z-ryzem-mango-200-g-0000004380.html", "title": "Zott Belriso Deser mleczny z ryżem mango 200 g", "brand": "Zott", "price": "2.99 PLN", "packaging_details": "0.2kg- 14,95 zł / kg", "description_sections": [{"header": "Składniki i alergeny", "content": "Alergeny:Zawiera Jaja, \n\nZawiera Mleko"}, {"header": "Pozostałe informacje", "content": "Kraj pochodzenia:PolskaKraj pochodzenia zależy od konkretnej partii produktu jaka znajduje się w sklepie. Informację o kraju pochodzenia znajdziesz na opakowaniu. Możesz również dodać komentarz z preferowanym typem produktu w koszyku lub wiadomości dla shoppera (np. “prosze o pomidory polskie”).Dystrybutor:Zott Polska Sp. z o.o.ul. Chłodnicza 6 45-315  OpoleNazwa wymagana prawnie:Deser mleczny z ryżem i sosem kokosowym.Deser mleczny z ryżem i sosem mango."}], "images": ["data/images/4f7f958ed0850ff411c8b4c2175df77b.jpg"], "absolute_path": "Nabiał/Desery/Produkt 14"}
{"name": "Produkt 13", "url": "https://zakupy.biedronka.pl/fantasia-fantasia-platki-czekoladowe-102g-0000009919.html", "title": "Fantasia płatki czekoladowe 102g", "brand": "Fantasia", "price": "2.99 PLN", "packaging_details": "0.102kg- 30,51 zł / kg", "description_sections": [{"header": "Opis produktu", "content": "\"Danone Fantasia Jogurt kremowy z płatkami w czekoladzie to Twoja chwila przyjemności. W dwufazowym kubeczku znajdziesz kremowy jogurt i płatki w czekoladzie. Możesz je wymieszać lub zjeść osobno - tak, jak lubisz. Sięgnij po ulubiony smak Danone Fantasia kiedy tylko zechcesz. To przepyszna przekąska o każdej porze dnia.Pozwól sobie na chwilę przerwy! Każda łyżeczka pomoże Ci celebrować wyjątkowy moment przyjemności. Poznaj też Danone Fantasia z innymi dodatkami!Moja Fantasia. Moja chwila.\""}, {"header": "Składniki i alergeny", "content": "Składniki:Składniki:jogurt: [mlekoodtłuszczone, śmietanka, cukier, żywe kultury bakterii jogurtowych,mlekoodtłuszczone w proszku], kukurydziane płatki w czekoladzie: [mąka kukurydziana 3,5 %, cukier, tłuszcz kakaowy, pełnemlekow proszku, miazga kakaowa, sól, emulgator: lecytyny (soja, słonecznik); słódjęczmienny, naturalny aromat waniliowy]."}, {"header": "Pozostałe informacje", "content": "Kraj pochodzenia:PolskaKraj pochodzenia zależy od konkretnej partii produktu jaka znajduje się w sklepie. Informację o kraju pochodzenia znajdziesz na opakowaniu. Możesz również dodać komentarz z preferowanym typem produktu w koszyku lub wiadomości dla shoppera (np. “prosze o pomidory polskie”).Dystrybutor:Jeronimo Martins Polska S.A.Żniwna 5 62-025 Kostrzyn PLImporter:Jeronimo Martins Polska S.A.Żniwna 5 62-025 Kostrzyn PLNazwa wymagana prawnie:Fantasia Jogurt kremowy z płatkami w czekoladzie 102g"}], "images": ["data/images/0d9362aabb72ef01c69715f1c62571c7.jpg"], "absolute_path": "Nabiał/Desery/Produkt 13"}
{"name": "Produkt 11", "url": "https://zakupy.biedronka.pl/milka-milka-napoj-mleczny-z-czekolada-o-smaku-karmelowym-220-ml-0000020367.html", "title": "Milka Napój mleczny z czekoladą o smaku karmelowym 220 ml", "brand": "Milka", "price": "5.99 PLN", "packaging_details": "0.22l- 27,23 zł / l", "description_sections": [{"header": "Opis produktu", "content": "Zaspokój swoje słodkie zachcianki odprężająco, czekoladowym napojem mlecznym Milka Caramel. To idealne połączenie, delikatnej czekolady Milka, aksamitnego mleka oraz słodkiego karmelu. Ten wyśmienity napój to nic innego jak harmonijne połączenie gładkości czekolady z nutą aromatycznego karmelu. Podaruj sobie chwilę przyjemności."}, {"header": "Składniki i alergeny", "content": "Składniki:mlekoo zawartości tłuszczu 1,75 % (87 %),cukier (5 %),czekolada (cukier, tłuszcz kakaowy, odtłuszczonemlekow proszku, miazga kakaowa, serwatka w proszku (zmleka), tłuszczmleczny, emulgator (lecytynysojowe), pasta zorzechówlaskowych, aromat) (2 %),kakao w proszku o obniżonej zawartości tłuszczu (0,9 %),stabilizatory (guma gellan, karagen),aromatyAlergeny:Zawiera Orzechy laskowe, \n\nZawiera Mleko, \n\nZawiera Soja"}, {"header": "Przechowywanie i sposób przygotowania", "content": "Sposób podania:Przed otwarciem delikatnie wstrząśnij."}, {"header": "Pozostałe informacje", "content": "Nazwa wymagana prawnie:Napój mleczny z czekoladą Milka o smaku karmelowym. Produkt UHT."}], "images": ["data/images/261d3bc8022ee136e65c144aa23b4541.jpg"], "absolute_path": "Nabiał/Desery/Produkt 11"}
{"name": "Produkt 10", "url": "https://zakupy.biedronka.pl/fantasia-fantasia-jogurt-kremowy-z-kulkami-w-czekoladzie-100-g-0000001306.html", "title": "Fantasia Jogurt kremowy z kulkami w czekoladzie 100 g", "brand": "Fantasia", "price": "2.99 PLN", "packaging_details": "0.1kg- 30,51 zł / kg", "description_sections": [{"header": "Opis produktu", "content": "Mieszasz? Czy jesz osobno? Teraz każdy sposób rozkoszowania się aksamitnym jogurtem Fantasia i chrupiącymi kulkami w czekoladzie jest dobry! Dzięki wygodnemu, dwukomorowemu kubeczkowi to Ty decydujesz jak jesz Fantasia! Jedz tak jak lubisz!Nutriscore:C"}, {"header": "Składniki i alergeny", "content": "Składniki:jogurt:mlekoodtłuszczone, śmietanka, cukier,mlekoodtłuszczone w proszku, żywe kultury bakterii jogurtowych,zbożowe kulki 9 % w czekoladzie (6,5 %): cukier, tłuszcz kakaowy, mąka ryżowa 12 %,mlekopełne w proszku, miazga kakaowa, mąkapszenna11 %, błonnikpszenny, emulgator (lecytyny (zsoi)), syrop glukozowy,laktoza(zmleka), sól, mąkajęczmiennasłodowa, słodka serwatka w proszku (zmleka), substancja zagęszczająca (guma arabska), skrobia modyfikowana, olej kokosowy, naturalny aromat waniliowyAlergeny:Zawiera Jęczmień, \n\nMoże zawierać Jaja, \n\nZawiera Mleko, \n\nMoże zawierać Orzechy, \n\nMoże zawierać Orzeszki ziemne, \n\nZawiera Soja, \n\nZawiera PszenicaInne informacje o zawartości produktu:Smaki / Aromaty:Zawiera, \n\nSyrop glukozowy lub glukozowo-fruktozowy:Zawiera"}, {"header": "Wartość odżywcza", "content": "W 100 gWartość energetyczna147 kcalTłuszcz7.9 gw tym kwasy tłuszczowe nasycone5 gWęglowodany15.4 gw tym cukry13.6 gBiałko3.4 gSól0.14 g"}, {"header": "Pozostałe informacje", "content": "Producent:Danone sp. z o.o.,\nul. Bobrowiecka 8\n00-728 Warszawa,\nwww.danone.pl\nInfolinia: 801 33 11 33,\nOpłata według taryfy operatoraNazwa wymagana prawnie:Jogurt kremowy z 9 % zbożowych kulek w czekoladzie (6,5 %)."}], "images": ["data/images/1dfd81298baffe98b31cbd211c160093.jpg"], "absolute_path": "Nabiał/Desery/Produkt 10"}
{"name": "Produkt 12", "url": "https://zakupy.biedronka.pl/danone-danone-yopro-jogurt-smak-waniliowy-160-g-0000019293.html", "title": "Danone YoPro Jogurt smak waniliowy 160 g", "brand": "Danone", "price": "4.59 PLN", "packaging_details": "0.16kg- 28,69 zł / kg", "description_sections": [{"header": "Opis produktu", "content": "Pyszny jogurt zawierający 15 g białka² w porcji, wzbogacony w magnez, który wspiera Twoje mięśnie³ oraz witaminę B9 pomagającą zmniejszyć uczucie zmęczenia⁴Pamiętaj, że ważna jest zbilansowana dieta oraz zdrowy styl życia.²Białko przyczynia się do utrzymania i wzrostu masy mięśniowej.³Magnez pomaga w prawidłowym funkcjonowaniu mięśni.⁴Witamina B9 (kwas foliowy) przyczynia się do zmniejszenia uczucia zmęczenia i znużenia.Subrand:YoPro"}, {"header": "Składniki i alergeny", "content": "Składniki:mlekoodtłuszczone,woda,skrobia modyfikowana,magnez,regulator kwasowości: kwas cytrynowy,aromaty,koncentrat z marchwi,wyekstrahowana laska wanilii 0,03 %,substancje słodzące: acesulfam K, sukraloza,kwas foliowy (witamina B9),żywe kultury bakterii jogurtowychAlergeny:Zawiera MlekoInne informacje o zawartości produktu:Smaki / Aromaty:Zawiera, \n\nSubstancje słodzące:Zawiera"}, {"header": "Wartość odżywcza", "content": "W 100 gWartość energetyczna53 kcalTłuszcz0.1 gw tym kwasy tłuszczowe nasycone0.1 gWęglowodany3.6 gw tym cukry3.1 gBiałko9.4 gSól0.09 gWitaminy i składniki mineralnew 100  g% RWS w 100  gKwas foliowy30 µg24%Magnez56.3 mg24%"}, {"header": "Pozostałe informacje", "content": "Producent:Danone sp. z o.o.\nul. Bobrowiecka 8\n00-728 Warszawa\n\nInfolinia: 801 33 11 33\nOpłata według taryfy lokalnejImporter:Danone Sp. z o.o.Bobrowiecka 8 00-728 Warszawa PLrecepcja.warszawa@danone.comNazwa wymagana prawnie:Jogurt o smaku waniliowym, z magnezem i witaminą B9. Zawiera substancje słodzące."}], "images": ["data/images/1e6efebd67170a1d6d6262ba0e3dd766.jpg"], "absolute_path": "Nabiał/Desery/Produkt 12"}
{"name": "Produkt 17", "url": "https://zakupy.biedronka.pl/zott-belriso-zott-belriso-deser-mleczny-z-ryzem-i-sosem-200-g-0000004376.html", "title": "Zott Belriso Deser mleczny z ryżem i sosem 200 g", "brand": "Zott Belriso", "price": "2.99 PLN", "packaging_details": "0.2kg- 14,95 zł / kg", "description_sections": [{"header": "Składniki i alergeny", "content": "Alergeny:Zawiera Jaja, \n\nZawiera Mleko, \n\nZawiera Pistacje/orzechy pistacjowe"}, {"header": "Pozostałe informacje", "content": "Producent:Zott Polska Sp. z o.o.,\nul. Chłodnicza 6,\n45-315 OpoleDystrybutor:Zott Polska Sp. z o.o.ul. Chłodnicza 6 45-315 OpoleNazwa wymagana prawnie:Deser mleczny z ryżem i sosem o smaku pistacjowym.Deser mleczny z ryżem i sosem karmelowym."}], "images": ["data/images/9e840454f650bcab9a700bd2fcbe7afc.jpg"], "absolute_path": "Nabiał/Desery/Produkt 17"}
{"name": "Produkt 18", "url": "https://zakupy.biedronka.pl/bakus-bakus-milk-and-fun-jogurt-o-smaku-waniliowym-z-drazami-135-g-0000011219.html", "title": "Bakuś Milk & Fun Jogurt o smaku waniliowym z drażami 135 g", "brand": "Bakuś", "price": "3.29 PLN", "packaging_details": "0.135kg- 24,37 zł / kg", "description_sections": [{"header": "Opis produktu", "content": "Bez żelatyny. Bez syropu glukozowo-fruktozowego. Naturalnie barwione draże."}, {"header": "Składniki i alergeny", "content": "Składniki:jogurto smaku waniliowym 92,6% (mleko, śmietanka,mlekozgęszczone odtłuszczone, cukier, naturalny aromat waniliowy z innymi naturalnymi aromatami, kultury bakterii jogurtowych); draże czekoladowe w otoczce cukrowej 7,4% (cukier, rozpuszczalny gluko - błonnik, tłuszcz kakaowy,mlekopełne w proszku, miazga kakaowa, fruktoza, skrobia, emulgator: lecytyny; substancje glazurujące: guma arabska, wosk carnauba, wosk pszczeli; aromat naturalny, koncentraty z soków: winogron, rzodkiewki, czarnej porzeczki, cytryny, buraka czerwonego; ekstrakty: z carthamusa, ze słodujęczmiennego; koncentrat z alg)."}, {"header": "Pozostałe informacje", "content": "Kraj pochodzenia:PolskaKraj pochodzenia zależy od konkretnej partii produktu jaka znajduje się w sklepie. Informację o kraju pochodzenia znajdziesz na opakowaniu. Możesz również dodać komentarz z preferowanym typem produktu w koszyku lub wiadomości dla shoppera (np. “prosze o pomidory polskie”).Dystrybutor:Jeronimo Martins Polska S.A.Żniwna 5 62-025 Kostrzyn PLImporter:Jeronimo Martins Polska S.A.Żniwna 5 62-025 Kostrzyn PLNazwa wymagana prawnie:Jogurt o smaku waniliowym z drażami czekoladowymi w otoczce cukrowej"}], "images": ["data/images/d1476430ca7c0f4ef72edcdd06faa010.jpg"], "absolute_path": "Nabiał/Desery/Produkt 18"}
{"name": "Produkt 19", "url": "https://zakupy.biedronka.pl/milka-milka-napoj-czekoladowy-original-220-ml-0000020368.html", "title": "Milka Napój czekoladowy original 220 ml", "brand": "Milka", "price": "5.99 PLN", "packaging_details": "0.22l- 27,23 zł / l", "description_sections": [{"header": "Opis produktu", "content": "Rozkoszuj się bogatym i aksamitnym smakiem napoju mlecznego Milka Original. Stworzony z prawdziwej, delikatnej czekolady Milka oraz najlepszej jakości mleka. Ten kremowy napój przeniesie Cię do krainy czekoladowych doznań. Doświadcz idealnejmieszanki słodyczy oraz subtelnej gładkości z każdym łykiem."}, {"header": "Składniki i alergeny", "content": "Składniki:Mleko o zawartości tłuszczu 1,75 % (87 %), cukier (5 %), czekolada (cukier, tłuszcz kakaowy, odtłuszczonemlekow proszku, miazga kakaowa, serwatka w proszku (zmleka), tłuszczmleczny, emulgator (lecytynysojowe), pasta zorzechówlaskowych, aromat)(2 %), kakao w proszku o obniżonej zawartości tłuszczu (0,9 %), stabilizatory (guma gellan, karagen), aromaty.Alergeny:Mleko i produkty pochodne (łącznie z laktozą), \n\nSoja i produkty pochodne, \n\nOrzechy, \n\nOrzechy laskowe i produkty z orzechów laskowych"}, {"header": "Przechowywanie i sposób przygotowania", "content": "Sposób podania:Najlepiej pij schłodzone."}, {"header": "Pozostałe informacje", "content": "Kraj pochodzenia:DaniaKraj pochodzenia zależy od konkretnej partii produktu jaka znajduje się w sklepie. Informację o kraju pochodzenia znajdziesz na opakowaniu. Możesz również dodać komentarz z preferowanym typem produktu w koszyku lub wiadomości dla shoppera (np. “prosze o pomidory polskie”).Nazwa wymagana prawnie:Milka Original 220ml. Napój mleczny z czekoladą milka. Produkt UHT."}], "images": ["data/images/27ce51c2362ee407a4753fbf763f9e0e.jpg"], "absolute_path": "Nabiał/Desery/Produkt 19"}
{"name": "Produkt 15", "url": "https://zakupy.biedronka.pl/zott-belriso-zott-belriso-deser-mleczny-z-ryzem-i-sosem-200-g-0000004375.html", "title": "Zott Belriso Deser mleczny z ryżem i sosem 200 g", "brand": "Zott Belriso", "price": "2.99 PLN", "packaging_details": "0.2kg- 14,95 zł / kg", "description_sections": [{"header": "Składniki i alergeny", "content": "Alergeny:Zawiera Jaja, \n\nZawiera Mleko"}, {"header": "Pozostałe informacje", "content": "Producent:Zott Polska Sp. z o.o.,\nul. Chłodnicza 6, \n45-315 OpoleDystrybutor:Zott Polska Sp. z o.o.45-315 OpoleNazwa wymagana prawnie:Deser mleczny z ryżem i sosem czekoladowym.Deser mleczny z ryżem i sosem waniliowym."}], "images": ["data/images/575528959918b64e329b67b62b07bfb7.jpg"], "absolute_path": "Nabiał/Desery/Produkt 15"}
{"name": "Produkt 16", "url": "https://zakupy.biedronka.pl/danone-danone-yopro-jogurt-smak-banan-krem-z-orzeszkow-ziemnych-160-g-0000019291.html", "title": "Danone YoPro Jogurt smak banan-krem z orzeszków ziemnych 160 g", "brand": "Danone", "price": "4.59 PLN", "packaging_details": "0.16kg- 28,69 zł / kg", "description_sections": [{"header": "Opis produktu", "content": "Pyszny jogurt zawierający 15 g białka² w porcji, wzbogacony w magnez, który wspiera Twoje mięśnie³ oraz witaminę B9 pomagającą zmniejszyć uczucie zmęczenia⁴Pamiętaj, że ważna jest zbilansowana dieta oraz zdrowy styl życia.²Białko przyczynia się do utrzymania i wzrostu masy mięśniowej.³Magnez pomaga w prawidłowym funkcjonowaniu mięśni.⁴Witamina B9 (kwas foliowy) przyczynia się do zmniejszenia uczucia zmęczenia i znużenia.Subrand:YoPro"}, {"header": "Składniki i alergeny", "content": "Składniki:mlekoodtłuszczone,banany 5,0 %,sok cytrynowy z soku zagęszczonego,magnez,skrobia modyfikowana,barwnik: karmel,aromaty,substancja zagęszczająca: pektyny,substancje słodzące: sukraloza, acesulfam K,składniki mineralne zmleka,kwas foliowy (witamina B9),żywe kultury bakterii jogurtowychAlergeny:Zawiera MlekoInne informacje o zawartości produktu:Barwniki:Zawiera, \n\nSmaki / Aromaty:Zawiera, \n\nSubstancje słodzące:Zawiera"}, {"header": "Wartość odżywcza", "content": "W 100 gWartość energetyczna56 kcalTłuszcz0.1 gw tym kwasy tłuszczowe nasycone0.1 gWęglowodany4.4 gw tym cukry4.1 gBiałko9.4 gSól0.09 gWitaminy i składniki mineralnew 100  g% RWS w 100  gKwas foliowy30 µg24%Magnez56.3 mg24%"}, {"header": "Pozostałe informacje", "content": "Producent:Danone sp. z o.o.\nul. Bobrowiecka 8\n00-728 Warszawa\n\nInfolinia: 801 33 11 33\nOpłata według taryfy lokalnejImporter:Danone Sp. z o.o.Bobrowiecka 8 00-728 Warszawa PLrecepcja.warszawa@danone.comNazwa wymagana prawnie:Jogurt o smaku banan-krem z orzeszków ziemnych, z magnezem i witamina B9. Zawiera substancje słodzące."}], "images": ["data/images/556936253fcaab9c0f903092fe98ca60.jpg"], "absolute_path": "Nabiał/Desery/Produkt 16"}
{"name": "Produkt 1", "url": "https://zakupy.biedronka.pl/moja-kurka-moja-kurka-jaja-wolny-wybieg-l-10-szt.-0000007510.html", "title": "Moja Kurka Jaja Wolny wybieg L 10 szt.", "brand": "Moja Kurka", "price": "12.99 PLN", "packaging_details": "10szt.- 1,30 zł / szt", "description_sections": [{"header": "Opis produktu", "content": "Jaja kurze na wolnym wybiegu to jaja wysokiej jakości, oznaczone symbolem 1. Pochodzą od kur korzystających z wybiegu, cieszących się słońcem i świeżym powietrzem. Przebywając na wybiegu kury uzupełniają dietę w składniki odżywcze dostępne na łonie natury, dzięki czemu pozyskiwane jaja wykazują wyższe wartości odżywcze."}, {"header": "Składniki i alergeny", "content": "Alergeny:Jaja i produkty pochodneInne informacje o zawartości produktu:Zawiera surowce GMO:Nie"}, {"header": "Wartość odżywcza", "content": "W 100 gWartość energetyczna kcal139 kcalZawartość tłuszczów (ogólnie)9.7 gKwasy tłuszczowe nasycone3 gZawartość węglowodanów0.6 gCukry0 gZawartość białek12.5 gZawartość soli0.4 g"}, {"header": "Przechowywanie i sposób przygotowania", "content": "Sposób przygotowania:- jaja po zakupie przechowywać w warunkach chłodniczych- jaja należy wykorzystać bezpośrednio po rozbiciu skorupki,- zalecane spożycie po obróbce cieplnejSposób podania:zalecane spożycie po obróbce cieplnej"}, {"header": "Pozostałe informacje", "content": "Kraj pochodzenia:PolskaKraj pochodzenia zależy od konkretnej partii produktu jaka znajduje się w sklepie. Informację o kraju pochodzenia znajdziesz na opakowaniu. Możesz również dodać komentarz z preferowanym typem produktu w koszyku lub wiadomości dla shoppera (np. “prosze o pomidory polskie”).Producent:Oldar Group Sp. z o.o.Dystrybutor:Oldar Group Sp. z o.o. (Oddział w Sokołowie)ul. Sokołowska 16 05-806 KomorówImporter:Oldar Group Sp. z o.o. (Oddział w Sokołowie)ul. Sokołowska 16 05-806 Komorów PLNazwa wymagana prawnie:Jaja z chowu na wolnym wybiegu. 10 sztuk. Klasa A, świeże"}], "images": ["data/images/5c918adaa668d7181674cdebd10da610.jpg"], "absolute_path": "Nabiał/Jaja/Produkt 1"}
{"name": "Produkt 3", "url": "https://zakupy.biedronka.pl/gobio-gobio-jaja-9-szt.-0000007512.html", "title": "goBIO Jaja 9 szt.", "brand": "goBIO", "price": "13.49 PLN", "packaging_details": "9szt.- 1,50 zł / szt", "description_sections": [{"header": "Opis produktu", "content": "Jaja z chowu ekologicznego pochodzą od kur, które mają zachowaną odpowiednią powierzchnię pomieszczeń oraz zapewniony dostęp do wybiegów i są żywione paszami wytworzonymi metodami ekologicznymi."}, {"header": "Pozostałe informacje", "content": "Nazwa wymagana prawnie:Ekologiczne polskie jaja od kur chowu ekologicznego, 9 sztuk"}], "images": ["data/images/22f572783b15bcd184382b2daef1a8ce.jpg"], "absolute_path": "Nabiał/Jaja/Produkt 3"}
{"name": "Produkt 20", "url": "https://zakupy.biedronka.pl/bakus-bakus-milk-and-fun-jogurt-o-smaku-waniliowym-z-piankami-128-g-0000011218.html", "title": "Bakuś Milk & Fun Jogurt o smaku waniliowym z piankami 128 g", "brand": "Bakuś", "price": "3.29 PLN", "packaging_details": "0.128kg- 24,37 zł / kg", "description_sections": [{"header": "Opis produktu", "content": "Jogurt o smaku waniliowym z mixem pianek."}, {"header": "Składniki i alergeny", "content": "Składniki:jogurto smaku waniliowym 97,7% (mleko, śmietanka,mlekozagęszczone odtłuszczone, cukier, naturalny aromat waniliowy z innymi naturalnymi aromatami, kultury bakterii jogurtowych); mix pianek biało-różowych 2,3% (syrop glukozowo-fruktozowy, cukier, woda, żelatyna, skrobia kukurydziana; barwnik: betanina; aromaty)."}, {"header": "Pozostałe informacje", "content": "Kraj pochodzenia:PolskaKraj pochodzenia zależy od konkretnej partii produktu jaka znajduje się w sklepie. Informację o kraju pochodzenia znajdziesz na opakowaniu. Możesz również dodać komentarz z preferowanym typem produktu w koszyku lub wiadomości dla shoppera (np. “prosze o pomidory polskie”).Dystrybutor:Jeronimo Martins Polska S.A.Żniwna 5 62-025 Kostrzyn PLImporter:Jeronimo Martins Polska S.A.Żniwna 5 62-025 Kostrzyn PLNazwa wymagana prawnie:Jogurt o smaku waniliowym z mixem pianek"}], "images": ["data/images/a97d56eb4e4ef609eb86800fcf148778.jpg"], "absolute_path": "Nabiał/Desery/Produkt 20"}
{"name": "Produkt 1", "url": "https://zakupy.biedronka.pl/kraina-mies-kraina-mies-filet-z-piersi-kurczaka-opak.-ok.-500-g-0000000247.html", "title": "Kraina Mięs Filet z piersi kurczaka opak. ok. 500 g", "brand": "Kraina Mięs", "price": "24.8 PLN", "packaging_details": "ok. 500g ~ 0.5kg- 24,80 zł / kg", "description_sections": [{"header": "Opis produktu", "content": "Mięso ma delikatną, jędrną strukturę, jest soczyste i aromatyczne. Wyjątkowy smak osiągamy dzięki temu, że kurczak jest żywiony paszą roślinną, wiosną i latem ma dostęp do wolnego wybiegu i jest produkowany bez stosowania GMO. Idealnie nadaje się do smażenia, pieczenia, duszenia i gotowania."}, {"header": "Składniki i alergeny", "content": "Składniki:100% filet z piersi kurczaka"}, {"header": "Pozostałe informacje", "content": "Kraj pochodzenia:Polska lub kraje Unii EuropejskiejKraj pochodzenia zależy od konkretnej partii produktu jaka znajduje się w sklepie. Informację o kraju pochodzenia znajdziesz na opakowaniu. Możesz również dodać komentarz z preferowanym typem produktu w koszyku lub wiadomości dla shoppera (np. “prosze o pomidory polskie”).Nazwa wymagana prawnie:Filet z piersi kurczaka świeży klasa A"}], "images": ["data/images/2d71f916dfe3057c05b38c0cb15a2b67.jpg"], "absolute_path": "Mięso/Drób/Kurczak/Produkt 1"}
{"name": "Produkt 2", "url": "https://zakupy.biedronka.pl/moja-kurka-moja-kurka-jaja-wolny-wybieg-m-10-szt.-0000007511.html", "title": "Moja Kurka Jaja wolny wybieg M 10 szt.", "brand": "Moja Kurka", "price": "11.49 PLN", "packaging_details": "10szt.- 1,15 zł / szt", "description_sections": [{"header": "Opis produktu", "content": "Jaja kurze na wolnym wybiegu to jaja wysokiej jakości, oznaczone symbolem 1. Pochodzą od kur korzystających z wybiegu, cieszących się słońcem i świeżym powietrzem. Przebywając na wybiegu kury uzupełniają dietę w składniki odżywcze dostępne na łonie natury, dzięki czemu pozyskiwane jaja wykazują wyższe wartości odżywcze."}, {"header": "Składniki i alergeny", "content": "Alergeny:Jaja i produkty pochodneInne informacje o zawartości produktu:Zawiera surowce GMO:Nie"}, {"header": "Wartość odżywcza", "content": "W 100 gWartość energetyczna kcal139 kcalZawartość tłuszczów (ogólnie)9.7 gKwasy tłuszczowe nasycone3 gZawartość węglowodanów0.6 gCukry0 gZawartość białek12.5 gZawartość soli0.4 g"}, {"header": "Przechowywanie i sposób przygotowania", "content": "Sposób przygotowania:Zalecane spożycie po obróbce cieplnej. Jaja należy wykorzystać bezpośrednio po rozbiciu skorupkiSposób podania:zalecane spożycie po obróbce cieplnej"}, {"header": "Pozostałe informacje", "content": "Kraj pochodzenia:PolskaKraj pochodzenia zależy od konkretnej partii produktu jaka znajduje się w sklepie. Informację o kraju pochodzenia znajdziesz na opakowaniu. Możesz również dodać komentarz z preferowanym typem produktu w koszyku lub wiadomości dla shoppera (np. “prosze o pomidory polskie”).Producent:OVOS SP. Z O.O.Dystrybutor:OVOS SP. Z O.O.BOREK 5 09-320 BIEŻUŃZKURKA@WP.PLImporter:OVOS SP. Z O.O.BOREK 5 09-320 BIEŻUŃ PLZKURKA@WP.PLNazwa wymagana prawnie:Jaja z chowu na wolnym wybiegu. 10 sztuk. Klasa A, świeże"}], "images": ["data/images/866aa9fa05a2b6b6a0a809ec2f00f234.jpg"], "absolute_path": "Nabiał/Jaja/Produkt 2"}
{"name": "Produkt 2", "url": "https://zakupy.biedronka.pl/kraina-mies-kraina-mies-poledwiczki-z-piersi-kurczaka-swieze-klasa-a-400-g-0000004654.html", "title": "Kraina Mięs Polędwiczki z piersi kurczaka świeże klasa A 400 g", "brand": "Kraina Mięs", "price": "12.99 PLN", "packaging_details": "0.4kg- 32,48 zł / kg", "description_sections": [{"header": "Opis produktu", "content": "Polędwiczki z piersi z kurczaka, świeże, klasa A"}, {"header": "Składniki i alergeny", "content": "Składniki:Polędwiczki z piersi z kurczaka - 100%"}, {"header": "Pozostałe informacje", "content": "Kraj pochodzenia:Polska lub kraje Unii EuropejskiejKraj pochodzenia zależy od konkretnej partii produktu jaka znajduje się w sklepie. Informację o kraju pochodzenia znajdziesz na opakowaniu. Możesz również dodać komentarz z preferowanym typem produktu w koszyku lub wiadomości dla shoppera (np. “prosze o pomidory polskie”).Nazwa wymagana prawnie:POLĘDWICZKI Z PIERSI Z KURCZAKA"}], "images": ["data/images/16b8189712a55682862dac83fc7c9947.jpg"], "absolute_path": "Mięso/Drób/Kurczak/Produkt 2"}
{"name": "Produkt 6", "url": "https://zakupy.biedronka.pl/kraina-mies-kraina-mies-paski-z-fileta-kurczaka-swieze-400-g-0000007497.html", "title": "Kraina Mięs Paski z fileta kurczaka świeże 400 g", "brand": "Kraina Mięs", "price": "16.99 PLN", "packaging_details": "0.4kg- 42,48 zł / kg", "description_sections": [{"header": "Opis produktu", "content": "PASKI Z FILETA Z KURCZAKA ŚWIEŻE"}, {"header": "Składniki i alergeny", "content": "Składniki:Składniki: mięso cięte w paski z fileta z piersi kurczaka 100%Inne informacje o zawartości produktu:Zawiera surowce GMO:Nie"}, {"header": "Pozostałe informacje", "content": "Kraj pochodzenia:PolskaKraj pochodzenia zależy od konkretnej partii produktu jaka znajduje się w sklepie. Informację o kraju pochodzenia znajdziesz na opakowaniu. Możesz również dodać komentarz z preferowanym typem produktu w koszyku lub wiadomości dla shoppera (np. “prosze o pomidory polskie”).Dystrybutor:Animex Kutno Sp. z o.o. Oddział K2 w KutniePołudniowa 4 99-300 KutnoKUTNO2.TECHNOLOGIA2@animex.plNazwa wymagana prawnie:PASKI Z FILETA Z KURCZAKA ŚWIEŻE, KLASA A"}], "images": ["data/images/91882f03d8295e182366c506e476d16f.jpg", "data/images/59cf56a0ebf69ca1a67c97c431662627.jpg"], "absolute_path": "Mięso/Drób/Kurczak/Produkt 6"}
{"name": "Produkt 3", "url": "https://zakupy.biedronka.pl/kraina-mies-select-kraina-mies-select-kurczak-farmerski-filet-z-piersi-kurczaka-opak.-ok.-600-g-0000011298.html", "title": "Kraina Mięs Select Kurczak farmerski Filet z piersi kurczaka opak. ok. 600 g", "brand": "Kraina Mięs Select", "price": "36.75 PLN", "packaging_details": "ok. 600 g ~ 0.6kg- 36,75 zł / kg", "description_sections": [{"header": "Składniki i alergeny", "content": "Składniki:filet z piersi kurczaka 100%Inne informacje o zawartości produktu:Zawiera surowce GMO:Nie"}, {"header": "Przechowywanie i sposób przygotowania", "content": "Sposób podania:do spożycia po obróbce cieplnej"}, {"header": "Pozostałe informacje", "content": "Producent:Plukon Sieradz Sp. z o.o.Dystrybutor:Jeronimo Martins Polska S.A.Żniwna 5 62-025 KostrzynImporter:Jeronimo Martins Polska S.A.Żniwna 5 62-025 Kostrzyn PLNazwa wymagana prawnie:Filet z piersi kurczaka. Świeże, klasa A"}], "images": ["data/images/80b1edd3273fb2bf94bd1c37a736dc6a.jpg", "data/images/05be6cc35010515a228933d498fd9753.jpg"], "absolute_path": "Mięso/Drób/Kurczak/Produkt 3"}
{"name": "Produkt 4", "url": "https://zakupy.biedronka.pl/kraina-mies-kraina-mies-kostka-z-fileta-z-piersi-kurczaka-swieza-400-g-0000007344.html", "title": "Kraina Mięs Kostka z fileta z piersi kurczaka świeża 400 g", "brand": "Kraina Mięs", "price": "14.99 PLN", "packaging_details": "0.4kg- 37,48 zł / kg", "description_sections": [{"header": "Składniki i alergeny", "content": "Składniki:mięso cięte w kostkę z fileta z piersi kurczaka klasy A 100%Inne informacje o zawartości produktu:Zawiera surowce GMO:Nie"}, {"header": "Przechowywanie i sposób przygotowania", "content": "Sposób podania:Należy spożyć po obróbce cieplnej."}, {"header": "Pozostałe informacje", "content": "Kraj pochodzenia:PolskaKraj pochodzenia zależy od konkretnej partii produktu jaka znajduje się w sklepie. Informację o kraju pochodzenia znajdziesz na opakowaniu. Możesz również dodać komentarz z preferowanym typem produktu w koszyku lub wiadomości dla shoppera (np. “prosze o pomidory polskie”).Producent:Jeronimo Martins Polska S.A.Dystrybutor:Jeronimo Martins Polska S.A.Żniwna 5 62-025 KostrzynImporter:Jeronimo Martins Polska S.A.Żniwna 5 62-025 Kostrzyn PLNazwa wymagana prawnie:Kostka z fileta z piersi kurczaka świeża"}], "images": ["data/images/32d390a60c8616a26a31c864270a2d9f.jpg", "data/images/28c2812ffbf0c76af2b24c94a97cf20d.jpg"], "absolute_path": "Mięso/Drób/Kurczak/Produkt 4"}
{"name": "Produkt 5", "url": "https://zakupy.biedronka.pl/kraina-mies-kraina-mies-podudzie-z-kurczaka-swieze-klasa-a-opak.-ok.-500-g-0000001769.html", "title": "Kraina Mięs Podudzie z kurczaka świeże klasa A opak. ok. 500 g", "brand": "Kraina Mięs", "price": "13.99 PLN", "packaging_details": "ok. 500g ~ 0.5kg- 13,99 zł / kg", "description_sections": [{"header": "Opis produktu", "content": "Soczyste i delikatne mięso z kurczaka wyprodukowane bez stosowania GMO, wysoka jakość chowu i żywienia kurczaka paszą roślinną wpływa na wyjątkowy smak i strukturę mięsa. To idealny sposób na pyszny obiad."}, {"header": "Składniki i alergeny", "content": "Składniki:100% podudzie z kurczakaInne informacje o zawartości produktu:Zawiera surowce GMO:Nie"}, {"header": "Pozostałe informacje", "content": "Kraj pochodzenia:Polska lub kraje Unii EuropejskiejKraj pochodzenia zależy od konkretnej partii produktu jaka znajduje się w sklepie. Informację o kraju pochodzenia znajdziesz na opakowaniu. Możesz również dodać komentarz z preferowanym typem produktu w koszyku lub wiadomości dla shoppera (np. “prosze o pomidory polskie”).Dystrybutor:Animex Foods sp. z o.o. ul. T. Chałubińskiego 8, 00-613 Warszawa, Oddział w OpoluDrobiarska 4 45-410 OpoleOpole.Technologia@animex.plNazwa wymagana prawnie:Podudzie z kurczaka świeże klasa A"}], "images": ["data/images/9f988366b3ca7ba2d4828b1cc7622afc.jpg"], "absolute_path": "Mięso/Drób/Kurczak/Produkt 5"}
{"name": "Produkt 9", "url": "https://zakupy.biedronka.pl/kraina-wedlin-kraina-wedlin-filet-wedzony-z-kurczaka-opak.-ok.-400-g-0000001803.html", "title": "Kraina Wędlin Filet wędzony z kurczaka opak. ok. 400 g", "brand": "Kraina Wędlin", "price": "3.99 PLN", "packaging_details": "ok. 400 g ~ 0.4kg- 39,90 zł / kg", "description_sections": [{"header": "Składniki i alergeny", "content": "Składniki:filet z piersi kurczaka, sól, białko grochu, glukoza, stabilizator: cytryniany sodu; aromaty, błonnikpszennybezglutenowy, hydrolizat białek rzepakowych, przeciwutleniacz: izoaskorbinian sodu; substancja konserwująca: azotyn sodu. Produkt może zawieraćsoję, zboża zawierające gluten,seler,gorczycę,mleko."}, {"header": "Pozostałe informacje", "content": "Nazwa wymagana prawnie:Wędzonka drobiowa, wędzona, parzona"}], "images": ["data/images/929ffb3e04253297c04860dd04386981.jpg"], "absolute_path": "Mięso/Drób/Kurczak/Produkt 9"}
{"name": "Produkt 10", "url": "https://zakupy.biedronka.pl/kraina-mies-kraina-mies-mieso-z-uda-kurczaka-swieze-klasa-a-500-g-0000004237.html", "title": "Kraina Mięs Mięso z uda kurczaka świeże klasa A 500 g", "brand": "Kraina Mięs", "price": "10.99 PLN", "packaging_details": "0.5kg- 21,98 zł / kg", "description_sections": [{"header": "Składniki i alergeny", "content": "Składniki:MIĘSO Z UDA Z KURCZAKA - 100%"}, {"header": "Pozostałe informacje", "content": "Kraj pochodzenia:Polska lub kraje Unii EuropejskiejKraj pochodzenia zależy od konkretnej partii produktu jaka znajduje się w sklepie. Informację o kraju pochodzenia znajdziesz na opakowaniu. Możesz również dodać komentarz z preferowanym typem produktu w koszyku lub wiadomości dla shoppera (np. “prosze o pomidory polskie”).Nazwa wymagana prawnie:MIĘSO Z UDA Z KURCZAKA"}], "images": ["data/images/9fd576c8050a6220974771259703fc9a.jpg"], "absolute_path": "Mięso/Drób/Kurczak/Produkt 10"}
{"name": "Produkt 8", "url": "https://zakupy.biedronka.pl/kraina-mies-kraina-mies-udo-z-kurczaka-swieze-klasa-a-kg-0000001770.html", "title": "Kraina Mięs Udo z kurczaka świeże klasa A kg", "brand": "Kraina Mięs", "price": "14.49 PLN", "packaging_details": "ok. 500g ~ 0.5kg- 14,49 zł / kg", "description_sections": [{"header": "Opis produktu", "content": "Udo z kurczaka, świeże, klasa A"}, {"header": "Składniki i alergeny", "content": "Składniki:Udo z kurczaka- 100%"}, {"header": "Pozostałe informacje", "content": "Kraj pochodzenia:Polska lub kraje Unii EuropejskiejKraj pochodzenia zależy od konkretnej partii produktu jaka znajduje się w sklepie. Informację o kraju pochodzenia znajdziesz na opakowaniu. Możesz również dodać komentarz z preferowanym typem produktu w koszyku lub wiadomości dla shoppera (np. “prosze o pomidory polskie”).Nazwa wymagana prawnie:UDO Z KURCZAKA"}], "images": ["data/images/fd82b4415c1e1385853de0ff0733049e.jpg"], "absolute_path": "Mięso/Drób/Kurczak/Produkt 8"}
{"name": "Produkt 7", "url": "https://zakupy.biedronka.pl/kraina-mies-select-kraina-mies-select-kurczak-farmerski-porcja-rosolowa-z-kurczaka-kg-0000011299.html", "title": "Kraina Mięs Select Kurczak farmerski porcja rosołowa z kurczaka kg", "brand": "Kraina Mięs Select", "price": "9.99 PLN", "packaging_details": "ok. 600 g ~ 0.6kg- 9,99 zł / kg", "description_sections": [{"header": "Składniki i alergeny", "content": "Składniki:część korpusu z kurczaka 100%Inne informacje o zawartości produktu:Zawiera surowce GMO:Nie"}, {"header": "Przechowywanie i sposób przygotowania", "content": "Sposób podania:do spożycia po obróbce cieplnej"}, {"header": "Pozostałe informacje", "content": "Producent:Plukon Sieradz Sp. z o.o.Dystrybutor:Jeronimo Martins Polska S.A.Żniwna 5 62-025 KostrzynImporter:Jeronimo Martins Polska S.A.Żniwna 5 62-025 Kostrzyn PLNazwa wymagana prawnie:Porcja rosołowa z kurczaka"}], "images": ["data/images/d0c6390055b8b1c154a10e3d7be60e0c.jpg", "data/images/4a3256920323aff225d86f96999f7fab.jpg"], "absolute_path": "Mięso/Drób/Kurczak/Produkt 7"}
{"name": "Produkt 11", "url": "https://zakupy.biedronka.pl/kraina-mies-kraina-mies-skrzydla-z-kurczaka-0000003802.html", "title": "Kraina Mięs Skrzydła z kurczaka", "brand": "Kraina Mięs", "price": "12.49 PLN", "packaging_details": "ok. 700 g ~ 0.7kg- 12,49 zł / kg", "description_sections": [{"header": "Składniki i alergeny", "content": "Składniki:skrzydła z kurczaka 100%"}, {"header": "Przechowywanie i sposób przygotowania", "content": "Sposób podania:do spożycia po obróbce cieplnej"}, {"header": "Pozostałe informacje", "content": "Nazwa wymagana prawnie:Skrzydła z kurczaka. Świeże, klasa A"}], "images": ["data/images/6f6cc832ee5c92265a54beeb02957702.jpg", "data/images/da5d646e2a07244ffb778ffe9dfb5426.jpg"], "absolute_path": "Mięso/Drób/Kurczak/Produkt 11"}
{"name": "Produkt 1", "url": "https://zakupy.biedronka.pl/kraina-mies-kraina-mies-wolno-gotowane-nogi-z-kaczki-z-sosem-zurawinowym-500-g-plus-30-g-sos-0000004941.html", "title": "Kraina Mięs Wolno gotowane nogi z kaczki z sosem żurawinowym 500 g + 30 g sos", "brand": "Kraina Mięs", "price": "27.99 PLN", "packaging_details": "0.53kg- 52,81 zł / kg", "description_sections": [{"header": "Opis produktu", "content": "Wolne gotowanie to: długie gotowanie w temperaturze około 85°C = zachowanie struktury i smaku; parzenie w opakowaniach próżniowych = smak zamknięty wewnątrz opakowania. Dzięki metodzie wolnego gotowania otrzymasz danie o wyjątkowym smaku w 30 minut."}, {"header": "Składniki i alergeny", "content": "Składniki:nogi z kaczki wolno gotowane: nogi z kaczki 91% (zawierają naturalnie wytopiony tłuszcz i sok mięsny), sól, skrobia, przyprawy, glukoza, cebula, zioła (rozmaryn, tymianek, lubczyk), aromat. Produkt może zawierać:soję,gorczycę, zboża zawierające gluten,seler,jaja, białkamleka. Sos żurawinowy: żurawina 40%, cukier, woda, stabilizatory: pektyna, skrobia modyfikowana; naturalny aromat, sok z cytryny z zagęszczonego soku, barwnik: koncentrat czarnej marchwi, substancja konserwująca: sorbinian potasu"}, {"header": "Pozostałe informacje", "content": "Nazwa wymagana prawnie:Nogi z kaczki wolno gotowane. Sos żurawinowy."}], "images": ["data/images/f4e9b3ac5ebd9a55fc73dfa396ac0991.jpg"], "absolute_path": "Mięso/Drób/Kaczka/Produkt 1"}
{"name": "Produkt 3", "url": "https://zakupy.biedronka.pl/kraina-mies-kraina-mies-indyk-w-sosie-maslano-koperkowym-500-g-0000019225.html", "title": "Kraina Mięs Indyk w sosie maślano-koperkowym 500 g", "brand": "Kraina Mięs", "price": "17.99 PLN", "packaging_details": "0.5kg- 35,98 zł / kg", "description_sections": [{"header": "Składniki i alergeny", "content": "Składniki:mięso z indyka 74%, sos maślano-koperkowy 26% (woda,mlekow proszku (laktoza), skrobia,masło(mleko) 11,4%, sól, przyprawy, ekstrakty przypraw, aromaty (laktoza), błonniki roślinne, hydrolizat białka kukurydzianego, skrobia kukurydziana, koperek 2%).Alergeny:Mleko i produkty pochodne (łącznie z laktozą)"}, {"header": "Pozostałe informacje", "content": "Kraj pochodzenia:PolskaKraj pochodzenia zależy od konkretnej partii produktu jaka znajduje się w sklepie. Informację o kraju pochodzenia znajdziesz na opakowaniu. Możesz również dodać komentarz z preferowanym typem produktu w koszyku lub wiadomości dla shoppera (np. “prosze o pomidory polskie”).Nazwa wymagana prawnie:Udo z indyka wolno gotowane w sosie maślano-koperkowym"}], "images": ["data/images/6fc271392ea415305a465e5d41af88c5.jpg"], "absolute_path": "Mięso/Drób/Indyk/Produkt 3"}
{"name": "Produkt 1", "url": "https://zakupy.biedronka.pl/kraina-mies-kraina-mies-poledwiczka-z-piersi-indyka-opak.-ok.-600-g-0000004793.html", "title": "Kraina Mięs polędwiczka z piersi indyka opak. ok. 600 g", "brand": "Kraina Mięs", "price": "35.99 PLN", "packaging_details": "ok. 600 g ~ 0.6kg- 35,99 zł / kg", "description_sections": [{"header": "Składniki i alergeny", "content": "Składniki:Polędwiczka z piersi indyka- mięsień piersiowy głęboki z indyka 100%Inne informacje o zawartości produktu:Zawiera surowce GMO:Nie"}, {"header": "Przechowywanie i sposób przygotowania", "content": "Sposób przygotowania:Do spożycia po obróbce cieplnej."}, {"header": "Pozostałe informacje", "content": "Kraj pochodzenia:PolskaKraj pochodzenia zależy od konkretnej partii produktu jaka znajduje się w sklepie. Informację o kraju pochodzenia znajdziesz na opakowaniu. Możesz również dodać komentarz z preferowanym typem produktu w koszyku lub wiadomości dla shoppera (np. “prosze o pomidory polskie”).Producent:Wielkopolski Indyk Sp. z o.o.Dystrybutor:Jeronimo Martins Polska S.A.Żniwna 5 62-025 KostrzynImporter:Jeronimo Martins Polska S.A.Żniwna 5 62-025 Kostrzyn PLNazwa wymagana prawnie:Polędwiczka z piersi indyka- mięsień piersiowy głęboki z indyka świeża, klasa A"}], "images": ["data/images/82a0d80efe68bffd4030ec706448517f.jpg", "data/images/79ab84d6548265ceb47dd8f703fe22c3.jpg"], "absolute_path": "Mięso/Drób/Indyk/Produkt 1"}
{"name": "Produkt 4", "url": "https://zakupy.biedronka.pl/kraina-mies-kraina-mies-indyk-ze-sliwka-500-g-0000006566.html", "title": "Kraina Mięs Indyk ze śliwką 500 g", "brand": "Kraina Mięs", "price": "17.99 PLN", "packaging_details": "0.5kg- 35,98 zł / kg", "description_sections": [{"header": "Opis produktu", "content": "Wolne gotowanie to: długie gotowanie w temperaturze około 85°C = zachowanie struktury i smaku. Gotowanie w opakowaniach próżniowych = smak zamknięty wewnątrz opakowania. Produkty bez dodatku substancji konserwujących. Dzięki metodzie wolnego gotowania otrzymasz danie o wyjątkowym smaku w 25 minut."}, {"header": "Składniki i alergeny", "content": "Składniki:100 g mięsa wolno gotowanego uzyskanego ze 120 g uda z indyka. Sos mięsny ze śliwką (skrobia kukurydziana, przyprawy, sól, ekstrakty przypraw, aromaty, glukoza, błonniki roślinne), suszona śliwka 5%."}, {"header": "Pozostałe informacje", "content": "Nazwa wymagana prawnie:Indyk ze śliwką wolno gotowany"}], "images": ["data/images/ec25198df46b4dbda3ac2b38109354ba.jpg", "data/images/bfc1a561240365227ecd1861b440aabb.jpg", "data/images/cf525a54e8dac67d3901b19ea2370d55.jpg"], "absolute_path": "Mięso/Drób/Indyk/Produkt 4"}
{"name": "Produkt 2", "url": "https://zakupy.biedronka.pl/kraina-mies-kraina-mies-zestaw-rosolowy-z-indyka-swiezy-czesc-korpusu-skrzydlo-szyja-0000003304.html", "title": "Kraina Mięs Zestaw rosołowy z indyka, świeży (część korpusu, skrzydło, szyja)", "brand": "Kraina Mięs", "price": "12.99 PLN", "packaging_details": "ok. 900 g ~ 0.9kg- 12,99 zł / kg", "description_sections": [{"header": "Składniki i alergeny", "content": "Składniki:część korpusu, skrzydło, szyja"}, {"header": "Przechowywanie i sposób przygotowania", "content": "Sposób podania:Do spożycia po obróbce cieplnej."}, {"header": "Pozostałe informacje", "content": "Kraj pochodzenia:PolskaKraj pochodzenia zależy od konkretnej partii produktu jaka znajduje się w sklepie. Informację o kraju pochodzenia znajdziesz na opakowaniu. Możesz również dodać komentarz z preferowanym typem produktu w koszyku lub wiadomości dla shoppera (np. “prosze o pomidory polskie”).Nazwa wymagana prawnie:Zestaw rosołowy z indyka, świeży (część korpusu, skrzydło, szyja)"}], "images": ["data/images/4b7128e0478e0e104857cf3ac6cb3b93.jpg", "data/images/083b908ae0122e891aeebea39081d9d8.jpg"], "absolute_path": "Mięso/Drób/Indyk/Produkt 2"}
{"name": "Produkt 2", "url": "https://zakupy.biedronka.pl/kraina-mies-kraina-mies-schab-bez-kosci-kotlety-wieprzowe-360-g-0000000956.html", "title": "Kraina Mięs Schab bez kości kotlety wieprzowe 360 g", "brand": "Kraina Mięs", "price": "11.99 PLN", "packaging_details": "0.36kg- 33,31 zł / kg", "description_sections": [{"header": "Składniki i alergeny", "content": "Składniki:Składniki: schab wieprzowy bez kości 100%"}, {"header": "Pozostałe informacje", "content": "Kraj pochodzenia:Polska lub kraje Unii EuropejskiejKraj pochodzenia zależy od konkretnej partii produktu jaka znajduje się w sklepie. Informację o kraju pochodzenia znajdziesz na opakowaniu. Możesz również dodać komentarz z preferowanym typem produktu w koszyku lub wiadomości dla shoppera (np. “prosze o pomidory polskie”).Nazwa wymagana prawnie:SCHAB BEZ KOŚCI. KOTLETY WIEPRZOWE."}], "images": ["data/images/63a88489c528a9ab8bacb09eb5e5212a.jpg"], "absolute_path": "Mięso/Wieprzowina/Produkt 2"}
{"name": "Produkt 1", "url": "https://zakupy.biedronka.pl/dolina-dobra-dolina-dobra-mieso-mielone-z-szynki-wieprzowej-400-g-0000006058.html", "title": "Dolina Dobra Mięso mielone z szynki wieprzowej 400 g", "brand": "Dolina Dobra", "price": "13.59 PLN", "packaging_details": "0.4kg- 33,98 zł / kg", "description_sections": [{"header": "Składniki i alergeny", "content": "Składniki:mięso z szynki wieprzowej 100 %,Zawartość procentowa tłuszczu poniżej 7 %,Stosunek kolagenu do białka mięsa poniżej 11 %"}, {"header": "Wartość odżywcza", "content": "W 100 gWartość energetyczna145 kcalTłuszcz7 gw tym kwasy tłuszczowe nasycone4 gWęglowodany0.2 gw tym cukry0.2 gBiałko20 gSól0.2 g"}, {"header": "Przechowywanie i sposób przygotowania", "content": "Sposób podania:Spożyć po obróbce cieplnej."}, {"header": "Pozostałe informacje", "content": "Kraj pochodzenia:PolskaKraj pochodzenia zależy od konkretnej partii produktu jaka znajduje się w sklepie. Informację o kraju pochodzenia znajdziesz na opakowaniu. Możesz również dodać komentarz z preferowanym typem produktu w koszyku lub wiadomości dla shoppera (np. “prosze o pomidory polskie”).Producent:Goodvalley sp. z o.o.,\nul. Młyńska 43b,\n77-320 PrzechlewoDystrybutor:Goodvalley sp. z o.o.ul. Młyńska 43b 77-320 PrzechlewoNazwa wymagana prawnie:Mięso mielone z szynki wieprzowej."}], "images": ["data/images/c1567046bdb6e7ec53b02a915d7b73e5.jpg"], "absolute_path": "Mięso/Wieprzowina/Produkt 1"}
{"name": "Produkt 1", "url": "https://zakupy.biedronka.pl/kraina-mies-kraina-mies-stek-wolowy-z-krzyzowej-opak.-ok.-250-g-0000014852.html", "title": "Kraina Mięs Stek wołowy z krzyżowej opak. ok. 250 g", "brand": "Kraina Mięs", "price": "5.99 PLN", "packaging_details": "ok. 250 g ~ 0.25kg- 59,90 zł / kg", "description_sections": [{"header": "Składniki i alergeny", "content": "Składniki:stek wołowy z krzyżowejInne informacje o zawartości produktu:Zawiera surowce GMO:Nie"}, {"header": "Przechowywanie i sposób przygotowania", "content": "Sposób przygotowania:Stek klasycznyPrzepis na patelnięStek wyjąć z lodówki na godzinę przed smażeniem. Obsypać pieprzem, wysmarować olejem. Włożyć na dobrze rozgrzaną patelnię z grubym dnem. Aby uzyskać stek średnio wysmażony (różowe mięso w środku) stek smażyć przez 2 minuty z jednej strony, przewrócić na drugą stronę i smażyć również 2 minuty. Mięso obrócić ponownie i smażyć po 1 minucie na każdej ze stron. Aby uzyskać stek dobrze wysmażony, mięso smażyć 2 razy po 2 minuty z każdej strony. Po usmażeniu posolić. Na jedną minutę przed podaniem na steku ułożyć 1 łyżkę masła.StekPrzepis na grillaRozgrzać grill do najwyższej temperatury. Naoliwić ruszt. Jeżeli grill będzie się dymił od Oliwy/tłuszczu, oznacza to, że jest on wystarczająco gorący. Steki umieścić na grillu bezpośrednio nad ogniem; grillować 3 minuty. Po 3 minutach, steki powinny mieć mocne, ciemno brązowe oznaki grillowe. Przewrócić steki na drugą stronę i kontynuować grillowanie. Na drugiej stronie grillujemy przez kolejne 3 minuty. Steki odwracamy tylko raz. Należy pamiętać, aby mięsa nie dziurawić widelcem bądź nożem, co spowoduje, że wypłyną z mięsa soki i mięso będzie twarde. Zdjąć steki z grilla, odczekać chwilę, posolić, popieprzyć i serwować.Smaż z każdej strony po 4 minuty by stek był mocno wysmażonySposób podania:Należy spożyć po obróbce cieplnej."}, {"header": "Pozostałe informacje", "content": "Kraj pochodzenia:PolskaKraj pochodzenia zależy od konkretnej partii produktu jaka znajduje się w sklepie. Informację o kraju pochodzenia znajdziesz na opakowaniu. Możesz również dodać komentarz z preferowanym typem produktu w koszyku lub wiadomości dla shoppera (np. “prosze o pomidory polskie”).Kraj chowu:PolskaKraj uboju:PolskaProducent:Jeronimo Martins Polska S.A.Dystrybutor:Jeronimo Martins Polska S.A.Żniwna 5 62-025 KostrzynImporter:Jeronimo Martins Polska S.A.Żniwna 5 62-025 Kostrzyn PLNazwa wymagana prawnie:Stek wołowy z krzyżowej"}], "images": ["data/images/bb873317fbc0d31713be94a1fee9331f.jpg", "data/images/6ea46859c906b20642048d55765a3320.jpg"], "absolute_path": "Mięso/Wołowina/Steki/Produkt 1"}
{"name": "Produkt 4", "url": "https://zakupy.biedronka.pl/kraina-mies-kraina-mies-zeberka-wieprzowe-opak.-ok.-1-kg-0000002203.html", "title": "Kraina Mięs Żeberka wieprzowe opak. ok. 1 kg", "brand": "Kraina Mięs", "price": "2.79 PLN", "packaging_details": "ok. 1 kg ~ 1kg- 27,90 zł / kg", "description_sections": [{"header": "Opis produktu", "content": "WOLNE GOTOWANIE TO:- długie gotowanie w temperaturze około 85°C = zachowanie struktury i smaku- parzenie w opakowaniach próżniowych = smak zamknięty wewnątrz opakowania- produkty bez dodatku substancji konserwujących.Dzięki metodzie wolnego gotowania otrzymasz danie o wyjątkowym smaku w 25 minut."}, {"header": "Składniki i alergeny", "content": "Składniki:żeberka wieprzowe 87%, woda, cukier, ocet spirytusowy, sól, proszek pomidorowy (z sokiem z buraka czerwonego), skrobia modyfikowana, przyprawy, skarmelizowany cukier, aromat dymu wędzarniczego, zioła, ekstrakty przypraw, aromat, glukoza, hydrolizowane białko kukurydziane, syrop glukozowy, bulion w proszku (sól, maltodekstryna, cebula, ekstrakt drożdżowy, olej słonecznikowy, przyprawy, cukier, ekstrakty przypraw), skrobia ziemniaczana. Produkt może zawierać: zboża zawierające gluten,jaja,mleko(łącznie z laktozą),seler,soję. Saszetka z sosem BBQ: woda, cukier, ocet spirytusowy, sól, proszek pomidorowy, skrobia modyfikowana, przyprawy, skarmelizowany cukier, aromat dymu wędzarniczego, zioła, ekstrakty przypraw, aromat. Saszetka z sosem może zawierać: zboża zawierające gluten,jaja,ryby,soję,mleko(łącznie z laktozą),orzechy,seler,gorczycę, nasionasezamu,dwutlenek siarki.Inne informacje o zawartości produktu:Zawiera surowce GMO:Nie, \n\nInformacje szczegółowe dotyczące środków słodzących:zawiera cukier (cukry) i substancję słodzącą, \n\nZawiera aromaty:Tak"}, {"header": "Wartość odżywcza", "content": "W 100 gWartość energetyczna kcal160 kcalZawartość tłuszczów (ogólnie)0 gKwasy tłuszczowe nasycone0 gZawartość węglowodanów37 gCukry32.5 gZawartość błonnika1 gZawartość białek1 gZawartość soli5 g"}, {"header": "Przechowywanie i sposób przygotowania", "content": "Sposób przygotowania:na grillu, w piekarniku"}, {"header": "Pozostałe informacje", "content": "Kraj pochodzenia:PolskaKraj pochodzenia zależy od konkretnej partii produktu jaka znajduje się w sklepie. Informację o kraju pochodzenia znajdziesz na opakowaniu. Możesz również dodać komentarz z preferowanym typem produktu w koszyku lub wiadomości dla shoppera (np. “prosze o pomidory polskie”).Dystrybutor:Jeronimo Martins Polska S.A.Żniwna 5 62-025 KostrzynNazwa wymagana prawnie:Żeberka wolno gotowane. Wyrób wieprzowy, parzony. Produkt zawiera wodę dodaną."}], "images": ["data/images/18a89015d417abee09eb3a3ad167f061.jpg", "data/images/c86b2e7ba87ae50038694e7ca7ff7da7.jpg"], "absolute_path": "Mięso/Wieprzowina/Produkt 4"}
{"name": "Produkt 3", "url": "https://zakupy.biedronka.pl/dolina-dobra-dolina-dobra-filet-ze-schabu-wieprzowego-300-g--0000006059.html", "title": "Dolina Dobra Filet ze schabu wieprzowego 300 g", "brand": "Dolina Dobra", "price": "13.59 PLN", "packaging_details": "0.3kg- 45,30 zł / kg", "description_sections": [{"header": "Składniki i alergeny", "content": "Składniki:schab wieprzowy bez kości"}, {"header": "Przechowywanie i sposób przygotowania", "content": "Sposób podania:Spożyć po obróbce cieplnej."}, {"header": "Pozostałe informacje", "content": "Kraj pochodzenia:PolskaKraj pochodzenia zależy od konkretnej partii produktu jaka znajduje się w sklepie. Informację o kraju pochodzenia znajdziesz na opakowaniu. Możesz również dodać komentarz z preferowanym typem produktu w koszyku lub wiadomości dla shoppera (np. “prosze o pomidory polskie”).Kraj chowu:PolskaKraj uboju:PolskaProducent:Goodvalley sp. z o.o.\nul. Młyńska 43b\n77-320 PrzechlewoNazwa wymagana prawnie:Filet ze schabu plastry. Mięso świeże schłodzone."}], "images": ["data/images/d55b6ed60ca52fe6bf17f1756bed7b3c.jpg"], "absolute_path": "Mięso/Wieprzowina/Produkt 3"}
{"name": "Produkt 1", "url": "https://zakupy.biedronka.pl/kraina-wedlin-kraina-wedlin-kielbasa-biala-z-szynki-500-g-0000004780.html", "title": "Kraina Wędlin Kiełbasa białą z szynki 500 g", "brand": "Kraina Wędlin", "price": "11.99 PLN", "packaging_details": "0.5kg- 23,98 zł / kg", "description_sections": [{"header": "Opis produktu", "content": "Kiełbasa wieprzowa, parzona, średnio rozdrobniona w osłonce naturalnej fi 30-32 mm, wyprodukowana z rozdrobnionego mięsa z szynki, z dodatkiem surowców uzupełniających, przypraw, poddana obróbce termicznej parzeniu."}, {"header": "Składniki i alergeny", "content": "Składniki:Mięso wieprzowe z szynki (90%), woda, sól, błonnikpszennybezglutenowy, glukoza, przyprawy, ekstrakt drożdżowy, aromaty, stabilizator: cytryniany sodu; jelito wieprzowe (osłonka jadalna). Produkt może zawieraćsoję, zboża zawierające gluten (pszenicę,jęczmień),selerigorczycę.Inne informacje o zawartości produktu:Zawiera surowce GMO:Nie, \n\nOsłonka niejadalna:Nie, \n\nZawiera lukrecję:Nie, \n\nZawiera chininę:Nie, \n\nZawiera taurynę:Nie, \n\nZawiera przeciwutleniacze:Nie, \n\nZawiera wzmacniacze smaku:Tak, \n\nZawiera fosforany:Nie, \n\nZawiera siarczyny:Nie, \n\nZawiera barwniki:Nie, \n\nZawiera kofeinę:Nie, \n\nŚrodki spozywcze z dodatkiem fitosteroli, estrów fitosteroli, fitostanoli lub estrów fitostanoli:Nie"}, {"header": "Wartość odżywcza", "content": "W 100 gWartość energetyczna kcal253 kcalZawartość tłuszczów (ogólnie)20 gKwasy tłuszczowe nasycone7.5 gZawartość węglowodanów2.2 gCukry0.5 gAlkohole wielowodorotlenowe - poliole0 gSkrobia0 gZawartość błonnika0 gZawartość białek15 gZawartość soli1.6 g"}, {"header": "Pozostałe informacje", "content": "Kraj pochodzenia:PolskaKraj pochodzenia zależy od konkretnej partii produktu jaka znajduje się w sklepie. Informację o kraju pochodzenia znajdziesz na opakowaniu. Możesz również dodać komentarz z preferowanym typem produktu w koszyku lub wiadomości dla shoppera (np. “prosze o pomidory polskie”).Dystrybutor:Animex Foods sp. z o.o. ul. Chałubińskiego 8, 00-613 Warszawa, Oddział w StarachowicachKrańcowa 4 27-200 StarachowiceNazwa wymagana prawnie:Kiełbasa wieprzowa średnio rozdrobniona, w osłonce naturalnej (jelicie wieprzowym), parzona."}], "images": ["data/images/54519ecdd16f404eaa3a929b47861923.jpg"], "absolute_path": "Mięso/Kiełbasy/Kiełbasy mięsne/Produkt 1"}
{"name": "Produkt 2", "url": "https://zakupy.biedronka.pl/morliny-morliny-kielbasa-morlinska-z-szynki-500-g-0000004132.html", "title": "Morliny Kiełbasa morlińska z szynki 500 g", "brand": "Morliny", "price": "14.69 PLN", "packaging_details": "0.5kg- 29,38 zł / kg", "description_sections": [{"header": "Składniki i alergeny", "content": "Składniki:mięso wieprzowe z szynki (80 %),woda,skrobia ziemniaczana,sól,stabilizator: E450,hydrolizat białka słonecznikowego,ekstrakty przypraw,aromaty,ekstrakty drożdżowe,cukier,maltodekstryna,przeciwutleniacz: E301,substancja konserwująca: E250,Produkt w jelicie wieprzowymAlergeny:Może zawierać Seler, \n\nMoże zawierać Gorczyca, \n\nMoże zawierać SojaInne informacje o zawartości produktu:Przeciwutleniacze:Zawiera, \n\nSmaki / Aromaty:Zawiera, \n\nSkładniki modyfikowane genetycznie:Zawiera"}, {"header": "Wartość odżywcza", "content": "W 100 gWartość energetyczna220 kcalTłuszcz17 gw tym kwasy tłuszczowe nasycone6.8 gWęglowodany2.8 gw tym cukry0.5 gBiałko14 gSól2.3 g"}, {"header": "Pozostałe informacje", "content": "Kraj pochodzenia:PolandKraj pochodzenia zależy od konkretnej partii produktu jaka znajduje się w sklepie. Informację o kraju pochodzenia znajdziesz na opakowaniu. Możesz również dodać komentarz z preferowanym typem produktu w koszyku lub wiadomości dla shoppera (np. “prosze o pomidory polskie”).Producent:Animex Foods Sp. z o.o. sp.k.\nMorliny 15,\n14-100 Ostróda\n\nOddział w Ełku,\nul. Suwalska 86,\n19-300 EłkNazwa wymagana prawnie:Kiełbasa wieprzowa średnio rozdrobniona, wędzona, parzona."}], "images": ["data/images/ca5120dfd8f09fb4c2f42173150de4ce.jpg"], "absolute_path": "Mięso/Kiełbasy/Kiełbasy mięsne/Produkt 2"}
{"name": "Produkt 3", "url": "https://zakupy.biedronka.pl/el-toro-rojo-el-toro-rojo-chorizo-pikantne-280-g-0000003829.html", "title": "El Toro Rojo Chorizo pikantne 280 g", "brand": "El Toro Rojo", "price": "15.99 PLN", "packaging_details": "0.28kg- 57,11 zł / kg", "description_sections": [{"header": "Składniki i alergeny", "content": "Składniki:mięso wieprzowe, ostra czerwona papryka w proszku (2,7 %), sól, czosnek. 157 g mięsa użyto do wytworzenia 100 g produktu.Inne informacje o zawartości produktu:Zawiera surowce GMO:Nie"}, {"header": "Wartość odżywcza", "content": "W 100 gWartość energetyczna kcal414 kcalZawartość tłuszczów (ogólnie)35 gKwasy tłuszczowe nasycone13 gZawartość węglowodanów0.5 gCukry0.5 gZawartość błonnika0 gZawartość białek25 gZawartość soli3.1 g"}, {"header": "Pozostałe informacje", "content": "Kraj pochodzenia:HiszpaniaKraj pochodzenia zależy od konkretnej partii produktu jaka znajduje się w sklepie. Informację o kraju pochodzenia znajdziesz na opakowaniu. Możesz również dodać komentarz z preferowanym typem produktu w koszyku lub wiadomości dla shoppera (np. “prosze o pomidory polskie”).Dystrybutor:Jeronimo Martins Polska S.A.Żniwna 5 62-025 KostrzynJeronimo Martins Polska S.A.Żniwna 5 62-025 Kostrzyn PLImporter:Jeronimo Martins Polska S.A.Żniwna 5 62-025 Kostrzyn PLbok@biedronka.plNazwa wymagana prawnie:Chorizo pikantne. Kiełbasa wieprzowa, dojrzewająca, suszona. Osłonka jadalna (jelito wieprzowe). Produkt bezglutenowy. Pakowano w atmosferze ochronnej."}], "images": ["data/images/87087cc7e16ab09fb9782f1083b07842.jpg", "data/images/0a8044abe33ccc396dfbd1badc21e51b.jpg"], "absolute_path": "Mięso/Kiełbasy/Kiełbasy mięsne/Produkt 3"}
{"name": "Produkt 2", "url": "https://zakupy.biedronka.pl/kraina-mies-kraina-mies-stek-wolowy-z-lopatki-opak.-ok.-250-g-0000014853.html", "title": "Kraina Mięs Stek wołowy z łopatki opak. ok. 250 g", "brand": "Kraina Mięs", "price": "5.99 PLN", "packaging_details": "ok. 250 g ~ 0.25kg- 59,90 zł / kg", "description_sections": [{"header": "Składniki i alergeny", "content": "Składniki:stek wołowy z łopatkiInne informacje o zawartości produktu:Zawiera surowce GMO:Nie"}, {"header": "Przechowywanie i sposób przygotowania", "content": "Sposób przygotowania:Stek klasycznyPrzepis na patelnięStek wyjąć z lodówki na godzinę przed smażeniem. Obsypać pieprzem, wysmarować olejem. Włożyć na dobrze rozgrzaną patelnię z grubym dnem. Aby uzyskać stek średnio wysmażony (różowe mięso w środku) stek smażyć przez 2 minuty z jednej strony, przewrócić na drugą stronę i smażyć również 2 minuty. Mięso obrócić ponownie i smażyć po 1 minucie na każdej ze stron. Aby uzyskać stek dobrze wysmażony, mięso smażyć 2 razy po 2 minuty z każdej strony. Po usmażeniu posolić. Na jedną minutę przed podaniem na steku ułożyć 1 łyżkę masła.StekPrzepis na grillaRozgrzać grill do najwyższej temperatury. Naoliwić ruszt. Jeżeli grill będzie się dymił od Oliwy/tłuszczu, oznacza to, że jest on wystarczająco gorący. Steki umieścić na grillu bezpośrednio nad ogniem; grillować 3 minuty. Po 3 minutach, steki powinny mieć mocne, ciemno brązowe oznaki grillowe. Przewrócić steki na drugą stronę i kontynuować grillowanie. Na drugiej stronie grillujemy przez kolejne 3 minuty. Steki odwracamy tylko raz. Należy pamiętać, aby mięsa nie dziurawić widelcem bądź nożem, co spowoduje, że wypłyną z mięsa soki i mięso będzie twarde. Zdjąć steki z grilla, odczekać chwilę, posolić, popieprzyć i serwować.Smaż z każdej strony po 4 minuty by stek był mocno wysmażonySmaż z każdej strony po 3 minuty by stek był średni wysmażonySposób podania:Należy spożyć po obróbce cieplnej."}, {"header": "Pozostałe informacje", "content": "Kraj pochodzenia:PolskaKraj pochodzenia zależy od konkretnej partii produktu jaka znajduje się w sklepie. Informację o kraju pochodzenia znajdziesz na opakowaniu. Możesz również dodać komentarz z preferowanym typem produktu w koszyku lub wiadomości dla shoppera (np. “prosze o pomidory polskie”).Kraj chowu:PolskaKraj uboju:PolskaProducent:Jeronimo Martins Polska S.A.Dystrybutor:Jeronimo Martins Polska S.A.Żniwna 5 62-025 KostrzynImporter:Jeronimo Martins Polska S.A.Żniwna 5 62-025 Kostrzyn PLNazwa wymagana prawnie:Stek wołowy z łopatki"}], "images": ["data/images/b88368b85d09baa1f74eeda81ab4c3b4.jpg", "data/images/b917674f018404fcbc2593f6f2d05235.jpg"], "absolute_path": "Mięso/Wołowina/Steki/Produkt 2"}
{"name": "Produkt 1", "url": "https://zakupy.biedronka.pl/czas-na-grill-czas-na-grill-kielbasa-slaska-z-serem-cheddar-450-g-0000008583.html", "title": "Czas na grill Kiełbasa śląska z serem cheddar 450 g", "brand": "Czas na grill", "price": "16.79 PLN", "packaging_details": "0.45kg- 37,31 zł / kg", "description_sections": [{"header": "Opis produktu", "content": "Kiełbasa wieprzowa średnio rozdrobniona wędzona parzona. Produkt stałowagowy, waga netto opakowania zbiorczego 4,50 kg."}, {"header": "Składniki i alergeny", "content": "Składniki:Mięso wieprzowe (85%), SER Cheddar (z MLEKA) - 9%, woda, sól, glukoza, wzmacniacz smaku: glutaminian monosodowy; aromaty (zawierają SOJĘ, MLEKO), stabilizator: trifosforany; białko wieprzowe, przeciwutleniacz: askorbinian sodu; przyprawy, ekstrakty przypraw, substancja konserwująca: azotyn sodu; osłonka jadalna: jelito wieprzowe. Produkt może zawierać: zboża zawierające gluten (PSZENNY, OWSIANY), JAJA, SELER i GORCZYCĘ.Alergeny:Mleko i produkty pochodne (łącznie z laktozą), \n\nSoja i produkty pochodneInne informacje o zawartości produktu:Zawiera surowce GMO:Nie, \n\nOsłonka niejadalna:Nie, \n\nInformacje szczegółowe dotyczące środków słodzących:Nie, \n\nZawiera lukrecję:Nie, \n\nZawiera chininę:Nie, \n\nZawiera taurynę:Nie, \n\nZawiera przeciwutleniacze:Tak, \n\nZawiera wzmacniacze smaku:Tak, \n\nZawiera fosforany:Tak, \n\nZawiera siarczyny:Nie, \n\nZawiera barwniki:Nie, \n\nZawiera antybiotyki:Nie, \n\nZawiera substancje konserwujące:Tak, \n\nZawiera tłuszcze utwardzone (trans):Nie, \n\nZawiera olej palmowy:Nie, \n\nDodatki zawarte w produkcie (E-symbole):E621 Glutaminian monosodowy, E451 Trifosforany, E301 Askorbinian sodu, E250 Azotyn sodu, \n\nFunkcje dodatków obecnych w produkcie (zadeklarowanych jako dodatki lub numery E):Wzmacniacz smaku, Stabilizator, Przeciwutleniacz, Substancja konserwująca"}, {"header": "Wartość odżywcza", "content": "W 100 gWartość energetyczna kcal235 kcalZawartość tłuszczów (ogólnie)19 gKwasy tłuszczowe nasycone7.5 gZawartość węglowodanów0.5 gCukry0.5 gZawartość błonnika0.9 gZawartość białek15 gZawartość soli2.1 g"}, {"header": "Pozostałe informacje", "content": "Kraj pochodzenia:PolskaKraj pochodzenia zależy od konkretnej partii produktu jaka znajduje się w sklepie. Informację o kraju pochodzenia znajdziesz na opakowaniu. Możesz również dodać komentarz z preferowanym typem produktu w koszyku lub wiadomości dla shoppera (np. “prosze o pomidory polskie”).Dystrybutor:Zakład Przetwórstwa Mięsnego \"JBB\" Import-Eksport Józef BałdygaKościelna 25 07-437 Łysejbb@jbb.plNazwa wymagana prawnie:KIEŁBASA ŚLĄSKA Z SEREM CHEDDAR 450 G. Kiełbasa wieprzowa średnio rozdrobniona wędzona parzona."}], "images": ["data/images/e78cfee9d9c3cf83d0a2732f4c0ba3e1.jpg"], "absolute_path": "Mięso/Kiełbasy/Kiełbasy białe i grillowe/Produkt 1"}
{"name": "Produkt 3", "url": "https://zakupy.biedronka.pl/tarczynski-tarczynski-exclusive-kabanosy-wieprzowe-105-g-0000007279.html", "title": "Tarczyński Exclusive Kabanosy wieprzowe 105 g", "brand": "Tarczyński", "price": "6.79 PLN", "packaging_details": "0.105kg- 64,67 zł / kg", "description_sections": [{"header": "Opis produktu", "content": "Czy wiesz, że... mięso jest źródłem białkaBiałko to bardzo ważny składnik odżywczywspiera prawidłowe funkcjonowanie organizmu*Spróbuj jak pyszna i wartościowa może być Twoja przekąskaTak wysuszone, że nie wymagają przechowywania w lodówce!*Pomaga w utrzymaniu masy mięśniowej oraz zdrowych kości. Korzystny efekt występuje przy spożywaniu produktu w ramach zróżnicowanej i zrównoważonej diety, która wraz ze zdrowym trybem życia jest bardzo ważna dla zachowania zdrowia."}, {"header": "Składniki i alergeny", "content": "Składniki:mięso wieprzowe,skrobia,tłuszcz wieprzowy,sól,przyprawy,ekstrakty przypraw,aromaty,białko wieprzowe,cukier,przeciwutleniacz: askorbinian sodu,substancja konserwująca: azotyn sodu,Osłonka jadalna - substancja żelująca: alginian sodu, stabilizatory: celuloza, chlorek wapnia,Ze 185 g mięsa wieprzowego wyprodukowano 100 g produktuAlergeny:Może zawierać Migdały, \n\nMoże zawierać Orzechy brazylijskie, \n\nMoże zawierać Orzechy nerkowca, \n\nMoże zawierać Seler, \n\nNie zawiera Zboża zawierające gluten, \n\nMoże zawierać Orzechy laskowe, \n\nMoże zawierać Orzechy makadamia / Orzechy Queensland, \n\nMoże zawierać Mleko, \n\nMoże zawierać Gorczyca, \n\nMoże zawierać Orzechy, \n\nMoże zawierać Orzeszki ziemne, \n\nMoże zawierać Orzeszki pekan, \n\nMoże zawierać Pistacje/orzechy pistacjowe, \n\nMoże zawierać Soja, \n\nMoże zawierać Orzechy włoskieInne informacje o zawartości produktu:Dodatek MSG:Nie zawiera, \n\nPrzeciwutleniacze:Zawiera, \n\nSmaki / Aromaty:Zawiera, \n\nkonserwanty:Zawiera"}, {"header": "Wartość odżywcza", "content": "W 100 gWartość energetyczna507 kcalTłuszcz42 gw tym kwasy tłuszczowe nasycone17 gWęglowodany5.2 gw tym cukry1.9 gBiałko26 gSól2.7 g"}, {"header": "Pozostałe informacje", "content": "Producent:TARCZYŃSKI S.A.\nUjeździec Mały 80\n55-100 Trzebnica\nPolskaNazwa wymagana prawnie:Kabanosy Exclusive wieprzowe. Wyrób wieprzowy, drobno rozdrobniony, wędzony, parzony, suszony."}], "images": ["data/images/8f4ab396a1d47b665b994f2d5989983d.jpg"], "absolute_path": "Mięso/Kabanosy/Produkt 3"}
{"name": "Produkt 1", "url": "https://zakupy.biedronka.pl/tarczynski-tarczynski-exclusive-kabanosy-drobiowe-z-wieprzowina-105-g-0000007278.html", "title": "Tarczyński Exclusive Kabanosy drobiowe z wieprzowiną 105 g", "brand": "Tarczyński", "price": "6.79 PLN", "packaging_details": "0.105kg- 64,67 zł / kg", "description_sections": [{"header": "Opis produktu", "content": "Czy wiesz, że...Mięso jest źródłem białkaBiałko to bardzo ważny składnik odżywczyWspiera prawidłowe funkcjonowanie organizmu*Spróbuj jak pyszna i wartościowa może być Twoja przekąskaTak wysuszone, że nie wymagają przechowywania w lodówce!*Pomaga w utrzymaniu masy mięśniowej oraz zdrowych kości. Korzystny efekt występuje przy spożywaniu produktu w ramach zróżnicowanej i zrównoważonej diety, która wraz ze zdrowym trybem życia jest bardzo ważna dla zachowania zdrowia."}, {"header": "Składniki i alergeny", "content": "Składniki:mięso drobiowe (mięso z kurczaka, mięso z indyka),mięso wieprzowe,tłuszcz wieprzowy,skrobia,sól,przyprawy,ekstrakty przypraw,aromaty,białko wieprzowe,cukier,przeciwutleniacz: askorbinian sodu,substancja konserwująca: azotyn sodu,Osłonka jadalna - substancja żelująca: alginian sodu, stabilizatory: celuloza, chlorek wapnia,Ze 185 g mięsa, w tym 113 g mięsa drobiowego (95 g mięsa z kurczaka, 18 g mięsa z indyka) oraz 72 g mięsa wieprzowego wyprodukowano 100 g produktuAlergeny:Może zawierać Migdały, \n\nMoże zawierać Orzechy brazylijskie, \n\nMoże zawierać Orzechy nerkowca, \n\nMoże zawierać Seler, \n\nNie zawiera Zboża zawierające gluten, \n\nMoże zawierać Orzechy laskowe, \n\nMoże zawierać Orzechy makadamia / Orzechy Queensland, \n\nMoże zawierać Mleko, \n\nMoże zawierać Gorczyca, \n\nMoże zawierać Orzechy, \n\nMoże zawierać Orzeszki pekan, \n\nMoże zawierać Pistacje/orzechy pistacjowe, \n\nMoże zawierać Soja, \n\nMoże zawierać Orzechy włoskieInne informacje o zawartości produktu:Dodatek MSG:Nie zawiera, \n\nPrzeciwutleniacze:Zawiera, \n\nSmaki / Aromaty:Zawiera, \n\nkonserwanty:Zawiera"}, {"header": "Wartość odżywcza", "content": "W 100 gWartość energetyczna532 kcalTłuszcz45 gw tym kwasy tłuszczowe nasycone17 gWęglowodany3.4 gw tym cukry1.3 gBiałko27 gSól2.1 g"}, {"header": "Pozostałe informacje", "content": "Producent:TARCZYŃSKI S.A.\nUjeździec Mały 80\n55-100 Trzebnica\nPolskaNazwa wymagana prawnie:Kabanosy exclusive drobiowe z dodatkiem wieprzowiny. Wyrób drobiowo-wieprzowy, drobno rozdrobniony, wędzony, parzony, suszony."}], "images": ["data/images/74bbc9f9ff908b319d137d8cc2f7058d.jpg"], "absolute_path": "Mięso/Kabanosy/Produkt 1"}
{"name": "Produkt 4", "url": "https://zakupy.biedronka.pl/tarczynski-tarczynski-gryzzale-kabanosy-z-szynki-z-cielecina-90-g-0000005440.html", "title": "Tarczyński Gryzzale Kabanosy z szynki z cielęciną 90 g", "brand": "Tarczyński", "price": "5.99 PLN", "packaging_details": "0.09kg- 66,56 zł / kg", "description_sections": [{"header": "Opis produktu", "content": "Czy wiesz, że... mięso jest źródłem białka.Białko to bardzo ważny składnik odżywczy, który wspiera prawidłowe funkcjonowanie organizmu**.Sprawdź jak pyszna i wartościowa może być Twoja przekąska!**Pomaga w utrzymaniu masy mięśniowej oraz zdrowych kości. Korzystny efekt występuje przy spożywaniu produktu w ramach zróżnicowanej i zrównoważonej diety, która wraz ze zdrowym trybem życia jest bardzo ważna dla zachowania zdrowia.Subrand:Gryzzale"}, {"header": "Składniki i alergeny", "content": "Składniki:mięso z szynki wieprzowej,mięso cielęce,sól,substancja żelująca: alginian sodu,przyprawy,aromaty,acerola w proszku,Ze 160 g mięsa (w tym 152 g mięsa z szynki wieprzowej oraz 8 g mięsa cielęcego) wyprodukowano 100 g produktuAlergeny:Może zawierać Seler, \n\nNie zawiera Zboża zawierające gluten, \n\nMoże zawierać Mleko, \n\nMoże zawierać Gorczyca, \n\nMoże zawierać Orzechy, \n\nMoże zawierać SojaInne informacje o zawartości produktu:Dodatek MSG:Nie zawiera, \n\nSmaki / Aromaty:Zawiera"}, {"header": "Wartość odżywcza", "content": "W 100 gWartość energetyczna381 kcalTłuszcz29 gw tym kwasy tłuszczowe nasycone12 gWęglowodany3.9 gw tym cukry1.1 gBiałko26 gSól2.2 g"}, {"header": "Pozostałe informacje", "content": "Producent:TARCZYŃSKI S.A.\nUjeździec Mały 80,\n55-100 Trzebnica\nPolskaNazwa wymagana prawnie:Kabanosy z szynki z dodatkiem cielęciny. Wyrób wieprzowo-cielęcy, drobno rozdrobniony, wędzony, parzony, suszony."}], "images": ["data/images/7c628f566b0765e72c9da98726f6f2a4.jpg"], "absolute_path": "Mięso/Kabanosy/Produkt 4"}
{"name": "Produkt 2", "url": "https://zakupy.biedronka.pl/tarczynski-tarczynski-protein-kabanosy-z-kurczaka-80-g-0000017955.html", "title": "Tarczyński Protein Kabanosy z kurczaka 80 g", "brand": "Tarczyński", "price": "6.99 PLN", "packaging_details": "0.08kg- 87,38 zł / kg", "description_sections": [{"header": "Opis produktu", "content": "Sięgnij po pyszne i pożywne kabanosy, naturalnie bogate w białko, które przyczynia się do wzrostu masy mięśniowej oraz pomaga w utrzymaniu zdrowych kości****Korzystny efekt występuję przy spożywaniu produktu w ramach zrównoważonej diety, która wraz ze zdrowym trybem życia jest bardzo ważna dla zachowania zdrowia.Poczuj moc protein!Subrand:Protein"}, {"header": "Składniki i alergeny", "content": "Składniki:mięso z kurczaka,białko słonecznikowe,skrobia,sól,białko z kurczaka,przyprawy,ekstrakty przypraw,aromaty,błonnikpszennybezglutenowy,cukier,przeciwutleniacz: askorbinian sodu,substancja konserwująca: azotyn sodu,Osłonka jadalna - substancja żelująca: alginian sodu, stabilizatory: celuloza, chlorek wapnia,Ze 185 g mięsa z kurczaka wyprodukowano 100 g produktuAlergeny:Może zawierać Seler, \n\nNie zawiera Zboża zawierające gluten, \n\nMoże zawierać Mleko, \n\nMoże zawierać Gorczyca, \n\nMoże zawierać Orzechy, \n\nMoże zawierać Soja, \n\nZawiera PszenicaInne informacje o zawartości produktu:Przeciwutleniacze:Zawiera, \n\nSmaki / Aromaty:Zawiera, \n\nkonserwanty:Zawiera"}, {"header": "Wartość odżywcza", "content": "W 100 gWartość energetyczna309 kcalTłuszcz14 gw tym kwasy tłuszczowe nasycone4.2 gWęglowodany4.9 gw tym cukry1.6 gBiałko40 gSól3.5 g"}, {"header": "Pozostałe informacje", "content": "Producent:Tarczyński S.A.\nUjeździec Mały 80,\n55-100 Trzebnica\nPolska\ntarczynski.plDystrybutor:Tarczyński S.A.Ujeździec Mały 80 55-100 TrzebnicaNazwa wymagana prawnie:Kabanosy z kurczaka. Wyrób z mięsa z kurczaka, drobno rozdrobniony, wędzony, parzony, suszony."}], "images": ["data/images/d11de0b626037c59ce6ae20f0fce979c.jpg"], "absolute_path": "Mięso/Kabanosy/Produkt 2"}
{"name": "Produkt 4", "url": "https://zakupy.biedronka.pl/kraina-wedlin-kraina-wedlin-kielbasa-slaska-z-szynki-450-g-0000007008.html", "title": "Kraina Wędlin Kiełbasa śląska z szynki 450 g", "brand": "Kraina Wędlin", "price": "14.59 PLN", "packaging_details": "0.45kg- 32,42 zł / kg", "description_sections": [{"header": "Opis produktu", "content": "Kiełbasa wieprzowa średnio rozdrobniona wędzona parzona."}, {"header": "Składniki i alergeny", "content": "Składniki:Mięso wieprzowe z szynki (100 g produktu wyprodukowano z 105 g mięsa), sól, przyprawy (zawierają GORCZYCĘ), substancja konserwująca: azotyn sodu; osłonka jadalna: jelito wieprzowe. Produkt może zawierać: zboża zawierające gluten (PSZENNY, OWSIANY), SOJĘ, MLEKO, JAJA i SELER."}, {"header": "Pozostałe informacje", "content": "Kraj pochodzenia:PolskaKraj pochodzenia zależy od konkretnej partii produktu jaka znajduje się w sklepie. Informację o kraju pochodzenia znajdziesz na opakowaniu. Możesz również dodać komentarz z preferowanym typem produktu w koszyku lub wiadomości dla shoppera (np. “prosze o pomidory polskie”).Nazwa wymagana prawnie:KIEŁBASA ŚLĄSKA Z SZYNKI KRAINA WĘDLIN 450 G. Kiełbasa wieprzowa średnio rozdrobniona wędzona parzona."}], "images": ["data/images/4802f9f330e6423a2be45c0365d2119c.jpg", "data/images/4f40655d85743719e22a5cf8fe07ab44.jpg"], "absolute_path": "Mięso/Kiełbasy/Kiełbasy mięsne/Produkt 4"}
{"name": "Produkt 7", "url": "https://zakupy.biedronka.pl/tarczynski-tarczynski-kabanosy-roslinne-oryginalne-90-g-0000008022.html", "title": "Tarczyński Kabanosy roślinne oryginalne 90 g", "brand": "Tarczyński", "price": "7.42 PLN", "packaging_details": "0.09kg- 82,44 zł / kg", "description_sections": [{"header": "Opis produktu", "content": "Takie, jak lubisz, ale rośl-inne.Poznaj wyrazisty smak i wyjątkową kruchość naszych kabanosów przygotowanych dla Ciebie z roślin.Wiemy, że świat potrzebuje produktów białkowych, dlatego stworzyliśmy kabanosy rośl-inne o wysokiej zawartości protein i będące źródłem błonnika."}, {"header": "Składniki i alergeny", "content": "Składniki:cebula suszona 22 %,białkosojowe14 %,olej rzepakowy,nasiona słonecznika 9 %,burak 9 %,tłuszcz kokosowy,marchew 4 %,korzeń pietruszki 4 %,sól,aromaty (w tym aromat dymu wędzarniczego),tłuszcz Shea,cukier,przyprawy,błonnikpszennybezglutenowy,burak w proszku 0,6 %,ekstrakty przypraw,przeciwutleniacz: askorbinian sodu,żelazo,witamina B12,Osłonka jadalna - substancja żelująca: alginian sodu, stabilizatory: celuloza, chlorek wapniaAlergeny:Może zawierać Seler, \n\nMoże zawierać Zboża zawierające gluten, \n\nMoże zawierać Mleko, \n\nMoże zawierać Gorczyca, \n\nMoże zawierać Orzechy, \n\nZawiera Soja, \n\nZawiera PszenicaInne informacje o zawartości produktu:Przeciwutleniacze:Zawiera, \n\nSmaki / Aromaty:Zawiera"}, {"header": "Wartość odżywcza", "content": "W 100 gWartość energetyczna371 kcalTłuszcz25 gw tym kwasy tłuszczowe nasycone9.6 gWęglowodany16 gw tym cukry8.3 gBłonnik11 gBiałko15 gSól3.1 gWitaminy i składniki mineralnew 100  g% RWS w 100  gWitamina B120.94 µg17%Żelazo5.3 mg17%"}, {"header": "Pozostałe informacje", "content": "Producent:TARCZYŃSKI S.A.\nUjeździec Mały 80,\n55-100 Trzebnica,\nPolskaNazwa wymagana prawnie:Rośl-inne kabanosy oryginalne. Wyrób roślinny na bazie białka sojowego, wędzony, parzony, suszony, z warzywami, wzbogacany w żelazo i witaminę B12."}], "images": ["data/images/9bf10a2e315ef23c51677e005167390a.jpg"], "absolute_path": "Mięso/Kabanosy/Produkt 7"}
{"name": "Produkt 8", "url": "https://zakupy.biedronka.pl/tarczynski-tarczynski-kabanosy-roslinne-3-ziarna-90-g-0000008021.html", "title": "Tarczyński Kabanosy roślinne 3 ziarna 90 g", "brand": "Tarczyński", "price": "7.42 PLN", "packaging_details": "0.09kg- 82,44 zł / kg", "description_sections": [{"header": "Opis produktu", "content": "Takie, jak lubisz, ale rośl-inne.Poznaj wyrazisty smak i wyjątkową kruchość naszych kabanosów przygotowanych dla Ciebie z roślin.Wiemy, że świat potrzebuje produktów białkowych, dlatego stworzyliśmy kabanosy rośl-inne o wysokiej zawartości protein i będące źródłem błonnika."}, {"header": "Składniki i alergeny", "content": "Składniki:ziarna [słonecznik 17 %, siemię lniane 6 %, nasiona chia 1 % (Salvia hispanica)],cebula suszona 16 %,białkosojowe10 %,olej rzepakowy,burak 6 %,tłuszcz kokosowy,marchew 3 %,korzeń pietruszki 3 %,sól,aromaty (w tym aromat dymu wędzarniczego),tłuszcz Shea,cukier,przyprawy,błonnikpszennybezglutenowy,burak w proszku 0,4 %,ekstrakty przypraw,przeciwutleniacz: askorbinian sodu,żelazo,witamina B12,Osłonka jadalna - substancja żelująca: alginian sodu, stabilizatory: celuloza, chlorek wapniaAlergeny:Może zawierać Seler, \n\nMoże zawierać Zboża zawierające gluten, \n\nMoże zawierać Mleko, \n\nMoże zawierać Gorczyca, \n\nMoże zawierać Orzechy, \n\nZawiera Soja, \n\nZawiera PszenicaInne informacje o zawartości produktu:Przeciwutleniacze:Zawiera, \n\nSmaki / Aromaty:Zawiera"}, {"header": "Wartość odżywcza", "content": "W 100 gWartość energetyczna384 kcalTłuszcz27 gw tym kwasy tłuszczowe nasycone9.4 gWęglowodany9.9 gw tym cukry4.5 gBłonnik8.6 gBiałko21 gSól3.2 gWitaminy i składniki mineralnew 100  g% RWS w 100  gWitamina B120.94 µg17%Żelazo5.3 mg17%"}, {"header": "Pozostałe informacje", "content": "Producent:TARCZYŃSKI S.A.\nUjeździec Mały 80,\n55-100 Trzebnica,\nPolskaNazwa wymagana prawnie:Rośl-inne kabanosy 3 ziarna. Wyrób roślinny na bazie białka sojowego, wędzony, parzony, suszony, z ziarnami i warzywami, wzbogacony w żelazo i witaminę B12."}], "images": ["data/images/2b5484ef17f58418468a6d07ec53699c.jpg"], "absolute_path": "Mięso/Kabanosy/Produkt 8"}
{"name": "Produkt 5", "url": "https://zakupy.biedronka.pl/tarczynski-tarczynski-gryzzale-kabanosy-z-kurczaka-z-indykiem-90-g-0000005439.html", "title": "Tarczyński Gryzzale Kabanosy z kurczaka z indykiem 90 g", "brand": "Tarczyński", "price": "5.99 PLN", "packaging_details": "0.09kg- 66,56 zł / kg", "description_sections": [{"header": "Opis produktu", "content": "Czy wiesz, że... mięso jest źródłem białka. Białko to bardzo ważny składnik odżywczy, który wspiera prawidłowe funkcjonowanie organizmu**. Sprawdź jak pyszna i wartościowa może być Twoja przekąska!**Pomaga w utrzymaniu masy mięśniowej oraz zdrowych kości. Korzystny efekt występuje przy spożywaniu produktu w ramach zróżnicowanej i zrównoważonej diety, która wraz ze zdrowym trybem życia jest bardzo ważna dla zachowania zdrowia.Subrand:Gryzzale"}, {"header": "Składniki i alergeny", "content": "Składniki:mięso z kurczaka,mięso z indyka,skrobia,sól,substancja żelująca: alginian sodu,przyprawy,aromaty,acerola w proszku,Ze 145 g mięsa drobiowego (w tym 111 g mięsa z kurczaka i 34 g mięsa z indyka) wyprodukowano 100 g produktuAlergeny:Może zawierać Seler, \n\nNie zawiera Zboża zawierające gluten, \n\nMoże zawierać Mleko, \n\nMoże zawierać Gorczyca, \n\nMoże zawierać Orzechy, \n\nMoże zawierać SojaInne informacje o zawartości produktu:Dodatek MSG:Nie zawiera, \n\nSmaki / Aromaty:Zawiera"}, {"header": "Wartość odżywcza", "content": "W 100 gWartość energetyczna290 kcalTłuszcz18 gw tym kwasy tłuszczowe nasycone6.4 gWęglowodany5.8 gw tym cukry1.7 gBiałko24 gSól2.3 g"}, {"header": "Pozostałe informacje", "content": "Producent:TARCZYŃSKI S.A.\nUjeździec Mały 80,\n55-100 Trzebnica\nPolskaNazwa wymagana prawnie:Kabanosy z kurczaka z dodatkiem indyka. Wyrób drobiowy, drobno rozdrobniony, wędzony, parzony, suszony."}], "images": ["data/images/41e3400612c336bb6310b3faa57cc513.jpg"], "absolute_path": "Mięso/Kabanosy/Produkt 5"}
{"name": "Produkt 6", "url": "https://zakupy.biedronka.pl/tarczynski-tarczynski-exclusive-kabanosy-z-indyka-z-wieprzowina-90-g-0000012517.html", "title": "Tarczyński Exclusive Kabanosy z indyka z wieprzowiną 90 g", "brand": "Tarczyński", "price": "6.79 PLN", "packaging_details": "0.09kg- 67,90 zł / kg", "description_sections": [{"header": "Opis produktu", "content": "Czy wiesz, że...mięso jest źródłem białkaBiałko to bardzo ważny składnik odżywczywspiera prawidłowe funkcjonowanie organizmu*Spróbuj jak pyszna i wartościowa może być Twoja przekąskaTak wysuszone, że nie wymagają przechowywania w lodówce!*Pomaga w utrzymaniu masy mięśniowej oraz zdrowych kości. Korzystny efekt występuje przy spożywaniu produktu w ramach zróżnicowanej i zrównoważonej diety, która wraz ze zdrowym trybem życia jest bardzo ważna dla zachowania zdrowia."}, {"header": "Składniki i alergeny", "content": "Składniki:mięso z indyka,mięso wieprzowe,tłuszcz wieprzowy,skrobia,sól,przyprawy,ekstrakty przypraw,aromaty,cukier,przeciwutleniacz: askorbinian sodu,substancja konserwująca: azotyn sodu,Osłonka jadalna - substancja żelująca: alginian sodu, stabilizatory: celuloza, chlorek wapnia,Ze 185 g mięsa, w tym 127 g mięsa z indyka oraz 58 g mięsa wieprzowego wyprodukowano 100 g produktuAlergeny:Może zawierać Migdały, \n\nMoże zawierać Orzechy brazylijskie, \n\nMoże zawierać Orzechy nerkowca, \n\nMoże zawierać Seler, \n\nNie zawiera Zboża zawierające gluten, \n\nMoże zawierać Orzechy laskowe, \n\nMoże zawierać Orzechy makadamia / Orzechy Queensland, \n\nMoże zawierać Mleko, \n\nMoże zawierać Gorczyca, \n\nMoże zawierać Orzechy, \n\nMoże zawierać Orzeszki pekan, \n\nMoże zawierać Pistacje/orzechy pistacjowe, \n\nMoże zawierać Soja, \n\nMoże zawierać Orzechy włoskieInne informacje o zawartości produktu:Dodatek MSG:Nie zawiera, \n\nPrzeciwutleniacze:Zawiera, \n\nBarwniki:Nie zawiera, \n\nSmaki / Aromaty:Zawiera, \n\nkonserwanty:Zawiera"}, {"header": "Wartość odżywcza", "content": "W 100 gWartość energetyczna490 kcalTłuszcz42 gw tym kwasy tłuszczowe nasycone17 gWęglowodany2.9 gw tym cukry0.5 gBiałko25 gSól2.7 g"}, {"header": "Pozostałe informacje", "content": "Producent:TARCZYŃSKI S.A.\nUjeździec Mały 80\n55-100 Trzebnica\nPolskaDystrybutor:TARCZYŃSKI S.A.Ujeździec Mały 80 55-100 TrzebnicaNazwa wymagana prawnie:Kabanosy Exclusive z indyka z dodatkiem wieprzowiny. Wyrób drobiowo-wieprzowy, drobno rozdrobniony, wędzony, parzony, suszony."}], "images": ["data/images/66393d9d94175ca5f87e1ac00b9e7268.jpg"], "absolute_path": "Mięso/Kabanosy/Produkt 6"}
{"name": "Produkt 9", "url": "https://zakupy.biedronka.pl/tarczynski-tarczynski-exclusive-kabanosy-cielece-z-drobiem-90-g-0000012516.html", "title": "Tarczyński Exclusive Kabanosy cielęce z drobiem 90 g", "brand": "Tarczyński", "price": "6.79 PLN", "packaging_details": "0.09kg- 67,90 zł / kg", "description_sections": [{"header": "Opis produktu", "content": "Czy wiesz, że...mięso jest źródłem białkaBiałko to bardzo ważny składnik odżywczywspiera prawidłowe funkcjonowanie organizmu*Spróbuj jak pyszna i wartościowa może być Twoja przekąskaTak wysuszone, że nie wymagają przechowywania w lodówce!*Pomaga w utrzymaniu masy mięśniowej oraz zdrowych kości. Korzystny efekt występuje przy spożywaniu produktu w ramach zróżnicowanej i zrównoważonej diety, która wraz ze zdrowym trybem życia jest bardzo ważna dla zachowania zdrowia."}, {"header": "Składniki i alergeny", "content": "Składniki:mięso cielęce,mięso z kurczaka,tłuszcz z kurczaka,skrobia,tłuszcz cielęcy,sól,przyprawy,ekstrakty przypraw,aromaty,białko z kurczaka,cukier,przeciwutleniacz: askorbinian sodu,substancja konserwująca: azotyn sodu,Osłonka jadalna - substancja żelująca: alginian sodu, stabilizatory: celuloza, chlorek wapnia,Ze 162 g mięsa, w tym 91 g mięsa cielęcego praz 71 g mięsa z kurczaka wyprodukowano 100 g produktuAlergeny:Może zawierać Migdały, \n\nMoże zawierać Orzechy brazylijskie, \n\nMoże zawierać Orzechy nerkowca, \n\nMoże zawierać Seler, \n\nNie zawiera Zboża zawierające gluten, \n\nMoże zawierać Orzechy laskowe, \n\nMoże zawierać Orzechy makadamia / Orzechy Queensland, \n\nMoże zawierać Mleko, \n\nMoże zawierać Gorczyca, \n\nMoże zawierać Orzechy, \n\nMoże zawierać Orzeszki pekan, \n\nMoże zawierać Pistacje/orzechy pistacjowe, \n\nMoże zawierać Soja, \n\nMoże zawierać Orzechy włoskieInne informacje o zawartości produktu:Dodatek MSG:Nie zawiera, \n\nPrzeciwutleniacze:Zawiera, \n\nBarwniki:Nie zawiera, \n\nSmaki / Aromaty:Zawiera, \n\nkonserwanty:Zawiera"}, {"header": "Wartość odżywcza", "content": "W 100 gWartość energetyczna495 kcalTłuszcz42 gw tym kwasy tłuszczowe nasycone17 gWęglowodany1.9 gw tym cukry1.9 gBiałko26 gSól3 g"}, {"header": "Pozostałe informacje", "content": "Producent:TARCZYŃSKI S.A.\nUjeździec Mały 80\n55-100 Trzebnica\nPolskaDystrybutor:TARCZYŃSKI S.A.Ujeździec Mały 80 55-100 TrzebnicaNazwa wymagana prawnie:Kabanosy exclusive cielęce z dodatkiem drobiu. Wyrób cielęco-drobiowy, drobno rozdrobniony, wędzony, parzony, suszony."}], "images": ["data/images/3a4a16db98d64f2674aa880b12ef22e9.jpg"], "absolute_path": "Mięso/Kabanosy/Produkt 9"}
{"name": "Produkt 13", "url": "https://zakupy.biedronka.pl/tarczynski-tarczynski-kabanosy-roslinne-o-smaku-piri-piri-90-g-0000008023.html", "title": "Tarczyński Kabanosy roślinne o smaku piri-piri 90 g", "brand": "Tarczyński", "price": "7.42 PLN", "packaging_details": "0.09kg- 82,44 zł / kg", "description_sections": [{"header": "Opis produktu", "content": "Takie, jak lubisz, ale rośl-inne.Poznaj wyrazisty smak i wyjątkową kruchość naszych kabanosów przygotowanych dla Ciebie z roślin.Wiemy, że świat potrzebuje produktów białkowych, dlatego stworzyliśmy kabanosy rośl-inne o wysokiej zawartości protein i będące źródłem błonnika."}, {"header": "Składniki i alergeny", "content": "Składniki:cebula suszona 20 %,korzeń z boczniaka ostrygowatego 15 %,olej rzepakowy,białkosojowe13 %,nasiona słonecznika 8 %,burak 8 %,tłuszcz kokosowy,marchew 3,5 %,korzeń pietruszki 3,5 %,sól,tłuszcz Shea,przyprawy (w tym papryka piri piri 0,1 %, zawierajągorczycę),błonnikpszennybezglutenowy,aromaty (w tym aromat dymu wędzarniczego),burak w proszku 0,6 %,cukier,ekstrakty przypraw,przeciwutleniacz: askorbinian sodu,żelazo,witamina B12,osłonka jadalna - substancja żelująca: alginian sodu, stabilizatory: celuloza, chlorek wapnia,Alergeny:Może zawierać Seler, \n\nMoże zawierać Zboża zawierające gluten, \n\nMoże zawierać Mleko, \n\nZawiera Gorczyca, \n\nMoże zawierać Orzechy, \n\nZawiera Soja, \n\nZawiera PszenicaInne informacje o zawartości produktu:Przeciwutleniacze:Zawiera, \n\nSmaki / Aromaty:Zawiera"}, {"header": "Wartość odżywcza", "content": "W 100 gWartość energetyczna370 kcalTłuszcz26 gw tym kwasy tłuszczowe nasycone9.7 gWęglowodany14 gw tym cukry7.7 gBłonnik12 gBiałko14 gSól3.1 gWitaminy i składniki mineralnew 100  g% RWS w 100  gWitamina B120.94 µg17%Żelazo5.3 mg17%"}, {"header": "Pozostałe informacje", "content": "Producent:TARCZYŃSKI S.A.\nUjeździec Mały 80,\n55-100 Trzebnica,\nPolskaNazwa wymagana prawnie:Rośl-inne kabanosy piri-piri. Wyrób roślinny na bazie białka sojowego, wędzony, parzony, suszony, z warzywami, wzbogacany w żelazo i witaminę B12."}], "images": ["data/images/9ec17fb757e76be16668315381251e59.jpg"], "absolute_path": "Mięso/Kabanosy/Produkt 13"}
{"name": "Produkt 1", "url": "https://zakupy.biedronka.pl/berlinki-berlinki-parowki-classic-315-g-0000001734.html", "title": "Berlinki Parówki classic 315 g", "brand": "Berlinki", "price": "6.95 PLN", "packaging_details": "0.315kg- 23,17 zł / kg", "description_sections": [{"header": "Opis produktu", "content": "Kiełbasa wieprzowo - kurczęca homogenizowana, peklowana, delikatnie wędzona, parzona; przeciętna masa batonu: 50 g"}, {"header": "Składniki i alergeny", "content": "Składniki:mięso wieprzowe (51 %), woda, mięso z kurczaka (20 %), sól, białko wieprzowe kolagenowe, stabilizatory (trifosforany, difosforany), glukoza, wzmacniacz smaku (glutaminian monosodowy), skrobia modyfikowana, przyprawy, ekstrakty przypraw, przeciwutleniacz (askorbinian sodu), substancja konserwująca (azotyn sodu).Może zawieraćsoję,mleko(łącznie z laktozą),seler,gorczycę."}, {"header": "Pozostałe informacje", "content": "Kraj pochodzenia:PolskaKraj pochodzenia zależy od konkretnej partii produktu jaka znajduje się w sklepie. Informację o kraju pochodzenia znajdziesz na opakowaniu. Możesz również dodać komentarz z preferowanym typem produktu w koszyku lub wiadomości dla shoppera (np. “prosze o pomidory polskie”).Dystrybutor:Jeronimo Martins Polska S.A.Żniwna 5 62-025 Kostrzyn PLImporter:Jeronimo Martins Polska S.A.Żniwna 5 62-025 Kostrzyn PLNazwa wymagana prawnie:kiełbasa wieprzowo-kurczęca homogenizowana wędzona parzona w osłonce niejadalnej"}], "images": ["data/images/628f19aa3f61dcfd7ad0805ca503a2e3.jpg"], "absolute_path": "Mięso/Parówki/Parówki mięsne/Produkt 1"}
{"name": "Produkt 12", "url": "https://zakupy.biedronka.pl/tarczynski-tarczynski-exclusive-kabanosy-serowe-105-g-0000006917.html", "title": "Tarczyński Exclusive Kabanosy serowe 105 g", "brand": "Tarczyński", "price": "6.79 PLN", "packaging_details": "0.105kg- 64,67 zł / kg", "description_sections": [{"header": "Opis produktu", "content": "Czy wiesz, że...Mięso jest źródłem białkaBiałko to bardzo ważny składnik odżywczyWspiera prawidłowe funkcjonowanie organizmu*Spróbuj jak pyszna i wartościowa może być Twoja przekąskaTak wysuszone, że nie wymagają przechowywania w lodówce!*Pomaga w utrzymaniu masy mięśniowej oraz zdrowych kości. Korzystny efekt występuje przy spożywaniu produktu w ramach zróżnicowanej i zrównoważonej diety, która wraz ze zdrowym trybem życia jest bardzo ważna dla zachowania zdrowia."}, {"header": "Składniki i alergeny", "content": "Składniki:mięso drobiowe (mięso z kurczaka, mięso z indyka),mięso wieprzowe,tłuszcz wieprzowy,ser(zawieramleko),skrobia,sól,przyprawy,ekstrakty przypraw,aromaty (zawierająmleko),białko wieprzowe,cukier,przeciwutleniacz: askorbinian sodu,substancja konserwująca: azotyn sodu,Osłonka jadalna - substancja żelująca: alginian sodu, stabilizatory: celuloza, chlorek wapnia,Ze 180 g mięsa, w tym 110 g mięsa drobiowego (90 g mięsa z kurczaka, 20 g mięsa z indyka), 70 g mięsa wieprzowego oraz 3 gserawyprodukowano 100 g produktuAlergeny:Może zawierać Migdały, \n\nMoże zawierać Orzechy brazylijskie, \n\nMoże zawierać Orzechy nerkowca, \n\nMoże zawierać Seler, \n\nMoże zawierać Orzechy laskowe, \n\nMoże zawierać Orzechy makadamia / Orzechy Queensland, \n\nZawiera Mleko, \n\nMoże zawierać Gorczyca, \n\nMoże zawierać Orzechy, \n\nMoże zawierać Orzeszki pekan, \n\nMoże zawierać Pistacje/orzechy pistacjowe, \n\nMoże zawierać Soja, \n\nMoże zawierać Orzechy włoskieInne informacje o zawartości produktu:Przeciwutleniacze:Zawiera, \n\nSmaki / Aromaty:Zawiera, \n\nkonserwanty:Zawiera"}, {"header": "Wartość odżywcza", "content": "W 100 gWartość energetyczna493 kcalTłuszcz42 gw tym kwasy tłuszczowe nasycone18 gWęglowodany2.7 gw tym cukry1.4 gBiałko25 gSól2.1 g"}, {"header": "Pozostałe informacje", "content": "Producent:TARCZYŃSKI S.A.\nUjeździec Mały 80\n55-100 Trzebnica\nPolskaNazwa wymagana prawnie:Kabanosy Exclusive serowe. Wyrób drobiowo-wieprzowy, z dodatkiem sera, drobno rozdrobniony, wędzony, parzony, suszony."}], "images": ["data/images/966eddcbf270d77d079c2b6db225e069.jpg"], "absolute_path": "Mięso/Kabanosy/Produkt 12"}
{"name": "Produkt 10", "url": "https://zakupy.biedronka.pl/kraina-wedlin-select-kraina-wedlin-select-kabanosy-z-wedzarni-175-g-0000007190.html", "title": "Kraina Wędlin Select Kabanosy z wędzarni 175 g", "brand": "Kraina Wędlin Select", "price": "9.99 PLN", "packaging_details": "0.175kg- 57,09 zł / kg", "description_sections": [{"header": "Opis produktu", "content": "KIEŁBASA WIEPRZOWA ŚREDNIO ROZDROBNIONA WĘDZONA, PARZONA, SUSZONA"}, {"header": "Składniki i alergeny", "content": "Składniki:100 g produktu wyprodukowano ze 175 g mięsa wieprzowego Składniki: mięso wieprzowe, sól, przyprawy, przeciwutleniacz: askorbinian sodu, substancja konserwująca: azotyn sodu. Osłonka jadalna: jelito baranie."}, {"header": "Pozostałe informacje", "content": "Kraj pochodzenia:PolskaKraj pochodzenia zależy od konkretnej partii produktu jaka znajduje się w sklepie. Informację o kraju pochodzenia znajdziesz na opakowaniu. Możesz również dodać komentarz z preferowanym typem produktu w koszyku lub wiadomości dla shoppera (np. “prosze o pomidory polskie”).Nazwa wymagana prawnie:Kiełbasa wieprzowa, średnio rozdrobniona, wędzona, parzona, suszona."}], "images": ["data/images/ba4fdec4eff00b5b3ab497e07460dfbe.jpg", "data/images/831e071049378b57d1162a10b3fee88a.jpg"], "absolute_path": "Mięso/Kabanosy/Produkt 10"}
{"name": "Produkt 11", "url": "https://zakupy.biedronka.pl/tarczynski-tarczynski-exclusive-kabanosy-chilli-105-g-0000006916.html", "title": "Tarczyński Exclusive Kabanosy chilli 105 g", "brand": "Tarczyński", "price": "6.79 PLN", "packaging_details": "0.105kg- 64,67 zł / kg", "description_sections": [{"header": "Opis produktu", "content": "Czy wiesz, że...Mięso jest źródłem białkaBiałko to bardzo ważny składnik odżywczyWspiera prawidłowe funkcjonowanie organizmu*Spróbuj jak pyszna i wartościowa może być Twoja przekąskaTak wysuszone, że nie wymagają przechowywania w lodówce!*Pomaga w utrzymaniu masy mięśniowej oraz zdrowych kości. Korzystny efekt występuje przy spożywaniu produktu w ramach zróżnicowanej i zrównoważonej diety, która wraz ze zdrowym trybem życia jest bardzo ważna dla zachowania zdrowia."}, {"header": "Składniki i alergeny", "content": "Składniki:mięso wieprzowe,skrobia,tłuszcz wieprzowy,sól,przyprawy (w tym chilli 1 %),ekstrakty przypraw,aromaty,białko wieprzowe,cukier,przeciwutleniacz: askorbinian sodu,substancja konserwująca: azotyn sodu,Osłonka jadalna - substancja żelująca: alginian sodu, stabilizatory: celuloza, chlorek wapnia,Ze 185 g mięsa wieprzowego wyprodukowano 100 g produktuAlergeny:Może zawierać Migdały, \n\nMoże zawierać Orzechy brazylijskie, \n\nMoże zawierać Orzechy nerkowca, \n\nMoże zawierać Seler, \n\nNie zawiera Zboża zawierające gluten, \n\nMoże zawierać Orzechy laskowe, \n\nMoże zawierać Orzechy makadamia / Orzechy Queensland, \n\nMoże zawierać Mleko, \n\nMoże zawierać Gorczyca, \n\nMoże zawierać Orzechy, \n\nMoże zawierać Orzeszki pekan, \n\nMoże zawierać Pistacje/orzechy pistacjowe, \n\nMoże zawierać Soja, \n\nMoże zawierać Orzechy włoskieInne informacje o zawartości produktu:Przeciwutleniacze:Zawiera, \n\nSmaki / Aromaty:Zawiera, \n\nkonserwanty:Zawiera"}, {"header": "Wartość odżywcza", "content": "W 100 gWartość energetyczna535 kcalTłuszcz45 gw tym kwasy tłuszczowe nasycone19 gWęglowodany4.5 gw tym cukry1.5 gBiałko27 gSól2.5 g"}, {"header": "Pozostałe informacje", "content": "Producent:TARCZYŃSKI S.A.\nUjeździec Mały 80\n55-100 Trzebnica\nPolskaDystrybutor:TARCZYŃSKI S.A.Ujeździec Mały 80 55-100 TrzebnicaNazwa wymagana prawnie:Kabanosy Exclusive chilli. Wyrób wieprzowy, drobno rozdrobniony, wędzony, parzony, suszony."}], "images": ["data/images/2be562a7b915fd095afd60dd24f9f4e4.jpg"], "absolute_path": "Mięso/Kabanosy/Produkt 11"}
{"name": "Produkt 2", "url": "https://zakupy.biedronka.pl/kraina-wedlin-nature-kraina-wedlin-nature-parowki-z-szynki-250-g-0000005215.html", "title": "Kraina Wędlin Nature Parówki z szynki 250 g", "brand": "Kraina Wędlin Nature", "price": "6.79 PLN", "packaging_details": "0.25kg- 27,16 zł / kg", "description_sections": [{"header": "Składniki i alergeny", "content": "Składniki:Składniki: mięso wieprzowe z szynki, sól, przyprawy, ekstrakty przypraw, aromaty naturalne, glukoza, białko wieprzowe kolagenowe, cukier. 100 g produktu wyprodukowano ze 100 g mięsa wieprzowego z szynki. Możliwa obecność:gorczycy,mleka(łącznie z laktozą),selera,soi.Inne informacje o zawartości produktu:Zawiera surowce GMO:Nie"}, {"header": "Wartość odżywcza", "content": "W 100 gWartość energetyczna kcal277 kcalZawartość tłuszczów (ogólnie)24 gKwasy tłuszczowe nasycone9.6 gZawartość węglowodanów1.3 gCukry0.6 gZawartość białek14 gZawartość soli1.8 g"}, {"header": "Pozostałe informacje", "content": "Kraj pochodzenia:PolskaKraj pochodzenia zależy od konkretnej partii produktu jaka znajduje się w sklepie. Informację o kraju pochodzenia znajdziesz na opakowaniu. Możesz również dodać komentarz z preferowanym typem produktu w koszyku lub wiadomości dla shoppera (np. “prosze o pomidory polskie”).Dystrybutor:Sokołów SAAleja 550-lecia 1 08-300 Sokołów PodlaskiNazwa wymagana prawnie:Parówki z szynki. Kiełbasa wieprzowa, homogenizowana, wędzona, parzona."}], "images": ["data/images/162591ded36e9ea7e86b845ff8575609.jpg"], "absolute_path": "Mięso/Parówki/Parówki mięsne/Produkt 2"}
{"name": "Produkt 4", "url": "https://zakupy.biedronka.pl/krakus-krakus-szynka-eksportowa-wieprzowa-120-g-0000004681.html", "title": "Krakus Szynka eksportowa wieprzowa 120 g", "brand": "Krakus", "price": "5.79 PLN", "packaging_details": "0.12kg- 48,25 zł / kg", "description_sections": [{"header": "Składniki i alergeny", "content": "Składniki:mięso wieprzowe (87 %),woda,regulatory kwasowości (mleczan sodu, octany sodu),glukoza,sól,stabilizatory (trifosforany, difosforany, polifosforany, fosforany sodu),przeciwutleniacz (izoaskorbinian sodu),substancja konserwująca (azotyn sodu)Alergeny:Może zawierać Seler, \n\nMoże zawierać Zboża zawierające gluten, \n\nMoże zawierać Mleko, \n\nMoże zawierać Gorczyca, \n\nMoże zawierać SojaInne informacje o zawartości produktu:Dodatek MSG:Nie zawiera, \n\nPrzeciwutleniacze:Zawiera, \n\nkonserwanty:Zawiera"}, {"header": "Wartość odżywcza", "content": "W 100 gWartość energetyczna98 kcalTłuszcz1.6 gw tym kwasy tłuszczowe nasycone0.6 gWęglowodany2 gw tym cukry1.9 gBiałko19 gSól2.5 g"}, {"header": "Pozostałe informacje", "content": "Kraj pochodzenia:PolskaKraj pochodzenia zależy od konkretnej partii produktu jaka znajduje się w sklepie. Informację o kraju pochodzenia znajdziesz na opakowaniu. Możesz również dodać komentarz z preferowanym typem produktu w koszyku lub wiadomości dla shoppera (np. “prosze o pomidory polskie”).Producent:Animex Foods sp. z o.o.,\nul. T. Chałubińskiego 8,\n00-613 Warszawa\nwww.animex.pl\n\nOddział w Morlinach,\nMorliny 15,\n14-100 Ostróda,\nPolskaNazwa wymagana prawnie:Szynka wieprzowa parzona z połączonych kawałków mięsa z dodaną wodą."}], "images": ["data/images/4fff9435f236401f35008c5e92e73d73.jpg"], "absolute_path": "Mięso/Wędliny/Wędliny w plastrach/Produkt 4"}
{"name": "Produkt 2", "url": "https://zakupy.biedronka.pl/gusto-bello-gusto-bello-mix-wloskich-salami-100-g-0000007829.html", "title": "Gusto Bello Mix włoskich salami 100 g", "brand": "Gusto Bello", "price": "9.39 PLN", "packaging_details": "0.1kg- 93,90 zł / kg", "description_sections": [{"header": "Opis produktu", "content": "Salami Milano - kiełbasa drobno krojona, fermentowana i dojrzewająca.Salami Napoli - kiełbasa średnio rozdrobniona, fermentowana i dojrzewająca.Salami Ungherese - kiełbasa drobno krojona, fermentowana i dojrzewająca."}, {"header": "Składniki i alergeny", "content": "Składniki:Salami Milano - mięso wieprzowe 96%, sól, glukoza, przyprawy, aromaty naturalne; przeciwutleniacz: askorbinian sodu; substancja konserwująca: azotyn sodu, azotan potasu. Salami Napoli - mięso wieprzowe 96%, sól, glukoza, przyprawy, aromaty naturalne; przeciwutleniacz: askorbinian sodu; substancja konserwująca: azotyn sodu, azotan potasu. Salami Ungherese - mięso wieprzowe 96%, sól, glukoza, przyprawy, aromat dymu wędzarniczego, aromaty naturalne; przeciwutleniacz: askorbinian sodu; substancja konserwująca: azotyn sodu, azotan potasu.Inne informacje o zawartości produktu:Zawiera surowce GMO:Nie, \n\nZawiera przeciwutleniacze:Tak, \n\nZawiera substancje konserwujące:Tak"}, {"header": "Wartość odżywcza", "content": "W 100 gWartość energetyczna kcal358 kcalZawartość tłuszczów (ogólnie)28 gKwasy tłuszczowe nasycone9.8 gZawartość węglowodanów0.5 gCukry0.5 gZawartość błonnika0 gZawartość białek26 gZawartość soli4.2 g"}, {"header": "Przechowywanie i sposób przygotowania", "content": "Sposób przygotowania:Gotowy do jedzenia"}, {"header": "Pozostałe informacje", "content": "Kraj pochodzenia:WłochyKraj pochodzenia zależy od konkretnej partii produktu jaka znajduje się w sklepie. Informację o kraju pochodzenia znajdziesz na opakowaniu. Możesz również dodać komentarz z preferowanym typem produktu w koszyku lub wiadomości dla shoppera (np. “prosze o pomidory polskie”).Producent:Salumificio Fratelli BerettaDystrybutor:SALUMIFICIO F.LLI BERETTA SPAF.lli Bandiera 12 20056 Trezzo sull'AddaImporter:SALUMIFICIO F.LLI BERETTA SPAF.lli Bandiera 12 20056 Trezzo sull'Adda ITNazwa wymagana prawnie:Zestaw Salami. Pakowano w atmosferze ochronnej."}], "images": ["data/images/3b4853beed77ca04b6e0d1fde493b064.jpg"], "absolute_path": "Mięso/Wędliny/Wędliny w plastrach/Produkt 2"}
{"name": "Produkt 3", "url": "https://zakupy.biedronka.pl/gusto-bello-gusto-bello-prosciutto-cotto-100-g-0000005438.html", "title": "Gusto Bello Prosciutto Cotto 100 g", "brand": "Gusto Bello", "price": "7.29 PLN", "packaging_details": "0.1kg- 72,90 zł / kg", "description_sections": [{"header": "Opis produktu", "content": "Gusto Bello Prosciutto Cotto - delikatnie gotowana na parze"}, {"header": "Składniki i alergeny", "content": "Składniki:mięso wieprzowe 96%, sól, dekstroza, aromaty, przeciwutleniacz: askorbinian sodu, substancja konserwująca: azotyn sodu. Produkt pakowany w atmosferze ochronnej.Inne informacje o zawartości produktu:Zawiera surowce GMO:Nie, \n\nZawiera przeciwutleniacze:Tak, \n\nZawiera aromaty:Tak, \n\nZawiera substancje konserwujące:Tak"}, {"header": "Wartość odżywcza", "content": "W 100 gWartość energetyczna kcal129 kcalZawartość tłuszczów (ogólnie)5 gKwasy tłuszczowe nasycone2.2 gZawartość węglowodanów1 gCukry1 gZawartość błonnika0 gZawartość białek20 gZawartość soli2.1 g"}, {"header": "Przechowywanie i sposób przygotowania", "content": "Sposób przygotowania:Gotowy do jedzeniaSposób podania:Delikatny smak prosciutto cotto doskonale łączy się z miękkim serem i chrupiącym pieczywem."}, {"header": "Pozostałe informacje", "content": "Kraj pochodzenia:WłochyKraj pochodzenia zależy od konkretnej partii produktu jaka znajduje się w sklepie. Informację o kraju pochodzenia znajdziesz na opakowaniu. Możesz również dodać komentarz z preferowanym typem produktu w koszyku lub wiadomości dla shoppera (np. “prosze o pomidory polskie”).Producent:Salumificio Fratelli BerettaDystrybutor:SALUMIFICIO F.LLI BERETTA SPAF.lli Bandiera 12 20056 Trezzo sull'AddaImporter:SALUMIFICIO F.LLI BERETTA SPAF.lli Bandiera 12 20056 Trezzo sull'Adda ITNazwa wymagana prawnie:Szynka Prosciutto Cotto 100 g"}], "images": ["data/images/63da82f9f33119314201fd1326ad82a1.jpg", "data/images/a4d28f8ef3dc919d4ee6f25d77d23815.jpg"], "absolute_path": "Mięso/Wędliny/Wędliny w plastrach/Produkt 3"}
{"name": "Produkt 1", "url": "https://zakupy.biedronka.pl/kraina-wedlin-select-kraina-wedlin-select-szynka-z-wedzarni-plastry-200-g-0000009046.html", "title": "Kraina Wędlin Select Szynka z wędzarni plastry 200 g", "brand": "Kraina Wędlin Select", "price": "12.49 PLN", "packaging_details": "0.2kg- 62,45 zł / kg", "description_sections": [{"header": "Opis produktu", "content": "Szynka z wędzarni. Wędzonka wieprzowa, wędzona, parzona, w plastrach.128g mięsa wykorzystano do przygotowania 100g gotowego produktu."}, {"header": "Składniki i alergeny", "content": "Składniki:Składniki: szynka wieprzowa (128g mięsa wykorzystano do przygotowania 100g gotowego produktu), sól, cukier, substancja konserwująca: azotyn sodu."}, {"header": "Pozostałe informacje", "content": "Kraj pochodzenia:PolskaKraj pochodzenia zależy od konkretnej partii produktu jaka znajduje się w sklepie. Informację o kraju pochodzenia znajdziesz na opakowaniu. Możesz również dodać komentarz z preferowanym typem produktu w koszyku lub wiadomości dla shoppera (np. “prosze o pomidory polskie”).Nazwa wymagana prawnie:Szynka z wędzarni. Wędzonka wieprzowa, wędzona, parzona, w plastrach."}], "images": ["data/images/eb09c83befb1130aa26b264174d749ff.jpg", "data/images/f729d2867d31e93bcff3921e6606dfa1.jpg"], "absolute_path": "Mięso/Wędliny/Wędliny w plastrach/Produkt 1"}
{"name": "Produkt 6", "url": "https://zakupy.biedronka.pl/kraina-wedlin-select-kraina-wedlin-select-schab-z-wedzarni-plastry-200-g-0000009045.html", "title": "Kraina Wędlin Select Schab z wędzarni plastry 200 g", "brand": "Kraina Wędlin Select", "price": "12.49 PLN", "packaging_details": "0.2kg- 62,45 zł / kg", "description_sections": [{"header": "Opis produktu", "content": "Schab z wędzarni. Wędzonka wieprzowa, wędzona, parzona, w plastrach.128 g mięsa wykorzystano do przygotowania 100g gotowego produktu."}, {"header": "Składniki i alergeny", "content": "Składniki:Składniki: schab wieprzowy (128g mięsa wykorzystano do przygotowania 100g gotowego produktu), sól, cukier, substancja konserwująca: azotyn sodu."}, {"header": "Pozostałe informacje", "content": "Kraj pochodzenia:PolskaKraj pochodzenia zależy od konkretnej partii produktu jaka znajduje się w sklepie. Informację o kraju pochodzenia znajdziesz na opakowaniu. Możesz również dodać komentarz z preferowanym typem produktu w koszyku lub wiadomości dla shoppera (np. “prosze o pomidory polskie”).Nazwa wymagana prawnie:Schab z wędzarni. Wędzonka wieprzowa, wędzona, parzona, w plastrach."}], "images": ["data/images/16f28f219ef3660f8ecb1fe83ef9019e.jpg", "data/images/5d8cae370c6892f63fe4e87db6f3eb96.jpg"], "absolute_path": "Mięso/Wędliny/Wędliny w plastrach/Produkt 6"}
{"name": "Produkt 5", "url": "https://zakupy.biedronka.pl/kraina-wedlin-kraina-wedlin-poledwica-sopocka-plastry-140-g-0000001262.html", "title": "Kraina Wędlin Polędwica sopocka plastry 140 g", "brand": "Kraina Wędlin", "price": "6.99 PLN", "packaging_details": "0.14kg- 49,93 zł / kg", "description_sections": [{"header": "Opis produktu", "content": "Wędzonka otrzymana z polędwicy wieprzowej o niskiej zawartości tłuszczu oraz bez dodatku glutaminianu monosodowego. Polędwica w postaci bardzo cienkich plasterków o doskonałym smaku z wyczuwalną delikatną nutą wędzenia."}, {"header": "Składniki i alergeny", "content": "Składniki:Skladniki: polędwica wieprzowa (83%), woda, sól, stabilizatory: cytryniany sodu, trifosforany; białko wieprzowe kolagenowe, cukier, glukoza, przeciwutleniacz: izoaskorbinian sodu; aromat, substancja konserwująca: azotyn sodu. Produkt może zawierać:seler,gorczycę,soję,mleko(łącznie z laktozą).Inne informacje o zawartości produktu:Zawiera surowce GMO:Nie"}, {"header": "Wartość odżywcza", "content": "W 100 gWartość energetyczna kcal97 kcalZawartość tłuszczów (ogólnie)2.6 gKwasy tłuszczowe nasycone1 gZawartość węglowodanów1 gCukry0.6 gZawartość błonnika0 gZawartość białek18 gZawartość soli2.2 g"}, {"header": "Pozostałe informacje", "content": "Kraj pochodzenia:PolskaKraj pochodzenia zależy od konkretnej partii produktu jaka znajduje się w sklepie. Informację o kraju pochodzenia znajdziesz na opakowaniu. Możesz również dodać komentarz z preferowanym typem produktu w koszyku lub wiadomości dla shoppera (np. “prosze o pomidory polskie”).Producent:Sokołów S.ADystrybutor:Sokołów SAAleja 550-lecia 1 08-300 Sokołów PodlaskiImporter:Sokołów SAAleja 550-lecia 1 08-300 Sokołów Podlaski PLNazwa wymagana prawnie:Polędwica sopocka. Wędzonka wieprzowa formowana, wędzona, parzona, plastrowana. Zawiera wodę dodaną."}], "images": ["data/images/4df94056b06cf66a86dff1c865a26029.jpg", "data/images/645ffcfa0c655908f05596c313dc5cd8.jpg"], "absolute_path": "Mięso/Wędliny/Wędliny w plastrach/Produkt 5"}
{"name": "Produkt 7", "url": "https://zakupy.biedronka.pl/biedronka-biedronka-poledwica-wiejska-sadecka-tradycyjna-100-g-0001152408.html", "title": "Biedronka Polędwica wiejska sądecka tradycyjna 100 g", "brand": "Biedronka", "price": "6.95 PLN", "packaging_details": "0.1kg- 69,50 zł / kg", "description_sections": [{"header": "Składniki i alergeny", "content": "Składniki:mięso wieprzowe (schab wieprzowy), sól, przyprawy, substancja konserwująca: azotyn sodu. 100 g produktu otrzymano z 123 g mięsa wieprzowego (schabu wieprzowego). Może zawierać: zboża zawierające gluten,jaja,soję,mlekołącznie z laktozą,seler,gorczycę."}, {"header": "Pozostałe informacje", "content": "Dystrybutor:Jeronimo Martins Polska S.A.Żniwna 5 62-025 Kostrzyn PLImporter:Jeronimo Martins Polska S.A.Żniwna 5 62-025 Kostrzyn PLNazwa wymagana prawnie:Wędzonka wieprzowa, wędzona, parzona."}], "images": ["data/images/e1aa80eb7d0cbbabcc7d8ef7dd06a911.jpg"], "absolute_path": "Mięso/Wędliny/Wędliny w plastrach/Produkt 7"}
{"name": "Produkt 8", "url": "https://zakupy.biedronka.pl/duda-duda-filet-pieczony-z-kurczaka-plastry-200-g-0000008038.html", "title": "Duda Filet pieczony z kurczaka plastry 200 g", "brand": "Duda", "price": "9.44 PLN", "packaging_details": "0.2kg- 47,20 zł / kg", "description_sections": [{"header": "Opis produktu", "content": "FILET PIECZONY Z KURCZAKAFILET Z PIERSI KURCZAKA Z POŁĄCZONYCH KAWAŁKÓW MIĘSA, PARZONY, PIECZONY, W PLASTRACH."}, {"header": "Składniki i alergeny", "content": "Składniki:Składniki: filet z piersi kurczaka 97 %, sól, skrobia modyfikowana, syrop glukozowy suszony, białko z kurczaka, glukoza, aromaty, ekstrakt drożdży, stabilizatory: cytryniany sodu, trifosforany, przeciwutleniacz: askorbinian sodu, regulator kwasowości: mleczan sodu, kultury bakterii, substancja konserwująca: azotyn sodu.Produkt może zawierać: SOJĘ, SELER, GORCZYCĘ, MLEKO i produkty pochodne (łącznie z LAKTOZĄ).Inne informacje o zawartości produktu:Zawiera surowce GMO:Nie, \n\nZawiera przeciwutleniacze:Tak, \n\nZawiera wzmacniacze smaku:Nie, \n\nZawiera fosforany:Tak, \n\nZawiera substancje konserwujące:Tak"}, {"header": "Wartość odżywcza", "content": "W 100 gWartość energetyczna kcal109 kcalZawartość tłuszczów (ogólnie)2.8 gKwasy tłuszczowe nasycone1 gZawartość węglowodanów2 gCukry0.5 gZawartość białek19 gZawartość soli2.5 g"}, {"header": "Pozostałe informacje", "content": "Kraj pochodzenia:PolskaKraj pochodzenia zależy od konkretnej partii produktu jaka znajduje się w sklepie. Informację o kraju pochodzenia znajdziesz na opakowaniu. Możesz również dodać komentarz z preferowanym typem produktu w koszyku lub wiadomości dla shoppera (np. “prosze o pomidory polskie”).Producent:Zakłady Mięsne Silesia S.A.Importer:CEDROB FOODS S.A.ul. Opolska 22 40-084 Katowice PLNazwa wymagana prawnie:Filet z piersi kurczaka, parzony, pieczony, z połączonych kawałków mięsa, w plastrach."}], "images": ["data/images/91fe3909b6f3c649a06055defda596cb.jpg", "data/images/07c27a61b9e22f400b67e80b9cba082d.jpg"], "absolute_path": "Mięso/Wędliny/Wędliny w plastrach/Produkt 8"}
{"name": "Produkt 9", "url": "https://zakupy.biedronka.pl/kraina-wedlin-nature-kraina-wedlin-nature-salami-plastry-80-g-0000005323.html", "title": "Kraina Wędlin Nature Salami plastry 80 g", "brand": "Kraina Wędlin Nature", "price": "5.69 PLN", "packaging_details": "0.08kg- 71,13 zł / kg", "description_sections": [{"header": "Opis produktu", "content": "Salami Nature to najwyższej jakości wędlina dojrzewająca. Wysoka zawartość użytego mięsa aż 136g na 100g produktu oraz długi 3 tygodniowy proces dojrzewania tworzą wyśmienity produkt. Brak dodatku fosforanów, glutaminianu sodu i sztucznych barwników pozwala na uzyskanie naturalnego produktu. Salami Nature nie zawiera również w swoim składzie żadnych substancji konserwujących.Cieniutkie plasterki pozwalają na serwowanie tego produktu nie tylko na kanapkę ale również jako dodatek wykwintnych półmisków. Tacka z możliwością ponownego zamknięcia jest idealnym rozwiązaniem dla pozostawienia produktu na kolejny posiłek."}, {"header": "Składniki i alergeny", "content": "Składniki:Składniki: mięso wieprzowe, mięso wołowe, tłuszcz wieprzowy, sól, przyprawy, aromaty naturalne, glukoza, cukier, kultury starterowe. Do wytworzenia 100g produktu zużyto 88g mięsa wieprzowego i 48g mięsa wołowego.Inne informacje o zawartości produktu:Zawiera surowce GMO:Nie"}, {"header": "Wartość odżywcza", "content": "W 100 gWartość energetyczna kcal364 kcalZawartość tłuszczów (ogólnie)31 gKwasy tłuszczowe nasycone13 gZawartość węglowodanów0.5 gCukry0.5 gZawartość białek21 gZawartość soli3.5 g"}, {"header": "Pozostałe informacje", "content": "Kraj pochodzenia:PolskaKraj pochodzenia zależy od konkretnej partii produktu jaka znajduje się w sklepie. Informację o kraju pochodzenia znajdziesz na opakowaniu. Możesz również dodać komentarz z preferowanym typem produktu w koszyku lub wiadomości dla shoppera (np. “prosze o pomidory polskie”).Producent:Sokołów S.ADystrybutor:Sokołów SAAleja 550-lecia 1 08-300 Sokołów PodlaskiImporter:Sokołów SAAleja 550-lecia 1 08-300 Sokołów Podlaski PLNazwa wymagana prawnie:Salami wieprzowo-wołowe. Kiełbasa wieprzowo-wołowa drobno rozdrobniona, surowa, wędzona, suszona, dojrzewająca."}], "images": ["data/images/db49ec7ed4d01bd5fbe7e2961e5172f6.jpg", "data/images/b88626fe992a5b551994bea24ddbe604.jpg"], "absolute_path": "Mięso/Wędliny/Wędliny w plastrach/Produkt 9"}
{"name": "Produkt 10", "url": "https://zakupy.biedronka.pl/biedronka-biedronka-szynka-swojska-sadecka-tradycyjna-100-g-0001152409.html", "title": "Biedronka Szynka swojska sądecka tradycyjna 100 g", "brand": "Biedronka", "price": "6.95 PLN", "packaging_details": "0.1kg- 69,50 zł / kg", "description_sections": [{"header": "Składniki i alergeny", "content": "Składniki:mięso wieprzowe (szynka wieprzowa), sól, przyprawy, substancja konserwująca: azotyn sodu. 100 g produktu otrzymano z 123 g mięsa wieprzowego (szynki wieprzowej). Może zawierać: zboża zawierające gluten,jaja,soję,mlekołącznie z laktozą,seler,gorczycę."}, {"header": "Pozostałe informacje", "content": "Dystrybutor:Jeronimo Martins Polska S.A.Żniwna 5 62-025 Kostrzyn PLImporter:Jeronimo Martins Polska S.A.Żniwna 5 62-025 Kostrzyn PLNazwa wymagana prawnie:Wędzonka wieprzowa, wędzona, parzona."}], "images": ["data/images/02600b95f87b23a81390d7e33682e01f.jpg"], "absolute_path": "Mięso/Wędliny/Wędliny w plastrach/Produkt 10"}
{"name": "Produkt 13", "url": "https://zakupy.biedronka.pl/kraina-wedlin-kraina-wedlin-schab-wedzony-na-wisniowo-250-g-0000007024.html", "title": "Kraina Wędlin Schab wędzony na wiśniowo 250 g", "brand": "Kraina Wędlin", "price": "9.99 PLN", "packaging_details": "0.25kg- 39,96 zł / kg", "description_sections": [{"header": "Opis produktu", "content": "SCHAB WIEPRZOWY WĘDZONY, PARZONY, Z WODĄ DODANĄ, W PLASTRACH"}, {"header": "Składniki i alergeny", "content": "Składniki:Składniki: schab wieprzowy 80%, woda, sól, białko SOJOWE, stabilizatory: trifosforany, octany sodu; glukoza, białko wieprzowe, substancja zagęszczająca: karagen, skrobia ziemniaczana, wzmacniacz smaku: glutaminian monosodowy; regulator kwasowości: mleczan wapnia, przeciwutleniacz: askorbinian sodu, aromaty (w tym aromat dymu wędzarniczego), ekstrakty przypraw, substancja konserwująca: azotyn sodu."}, {"header": "Pozostałe informacje", "content": "Kraj pochodzenia:PolskaKraj pochodzenia zależy od konkretnej partii produktu jaka znajduje się w sklepie. Informację o kraju pochodzenia znajdziesz na opakowaniu. Możesz również dodać komentarz z preferowanym typem produktu w koszyku lub wiadomości dla shoppera (np. “prosze o pomidory polskie”).Nazwa wymagana prawnie:Schab wieprzowy, wędzony, parzony, z wodą dodaną, w plastrach"}], "images": ["data/images/9340a3737062a8ac34d02234f6dad12d.jpg"], "absolute_path": "Mięso/Wędliny/Wędliny w plastrach/Produkt 13"}
{"name": "Produkt 11", "url": "https://zakupy.biedronka.pl/kraina-wedlin-nature-kraina-wedlin-nature-szynka-wedzona-plastry-100-g-0000005213.html", "title": "Kraina Wędlin Nature Szynka wędzona plastry 100 g", "brand": "Kraina Wędlin Nature", "price": "5.99 PLN", "packaging_details": "0.1kg- 59,90 zł / kg", "description_sections": [{"header": "Składniki i alergeny", "content": "Składniki:Składniki: mięso wieprzowe z szynki (104 g wykorzystano do przygotowania 100 g gotowego produktu), sól, aromaty naturalne, białko wieprzowe kolagenowe, błonnik PSZENNY bezglutenowy, glukoza, przyprawy, ekstrakty przypraw.Inne informacje o zawartości produktu:Zawiera surowce GMO:Nie"}, {"header": "Wartość odżywcza", "content": "W 100 gWartość energetyczna kcal114 kcalZawartość tłuszczów (ogólnie)3 gKwasy tłuszczowe nasycone1.2 gZawartość węglowodanów1.1 gCukry0.6 gZawartość białek20 gZawartość soli2.3 g"}, {"header": "Pozostałe informacje", "content": "Kraj pochodzenia:PolskaKraj pochodzenia zależy od konkretnej partii produktu jaka znajduje się w sklepie. Informację o kraju pochodzenia znajdziesz na opakowaniu. Możesz również dodać komentarz z preferowanym typem produktu w koszyku lub wiadomości dla shoppera (np. “prosze o pomidory polskie”).Producent:Sokołów S.ADystrybutor:Sokołów SAAleja 550-lecia 1 08-300 Sokołów PodlaskiImporter:Sokołów SAAleja 550-lecia 1 08-300 Sokołów Podlaski PLNazwa wymagana prawnie:Szynka wędzona. Produkt wieprzowy, wędzony, parzony, w plastrach."}], "images": ["data/images/00682dffad79b868b640c4a79c0f3bd3.jpg", "data/images/17ba494b79276bbee9888d67be954f8a.jpg"], "absolute_path": "Mięso/Wędliny/Wędliny w plastrach/Produkt 11"}
{"name": "Produkt 12", "url": "https://zakupy.biedronka.pl/kraina-wedlin-nature-kraina-wedlin-nature-schab-wedzony-plastry-100-g-0000005214.html", "title": "Kraina Wędlin Nature Schab wędzony plastry 100 g", "brand": "Kraina Wędlin Nature", "price": "5.99 PLN", "packaging_details": "0.1kg- 59,90 zł / kg", "description_sections": [{"header": "Składniki i alergeny", "content": "Składniki:Składniki: schab wieprzowy bez kości (100 g wykorzystano do przygotowania 100 g gotowego produktu), sól, aromaty naturalne, białko wieprzowe kolagenowe, błonnik PSZENNY bezglutenowy, glukoza, przyprawy, ekstrakty przypraw.Inne informacje o zawartości produktu:Zawiera surowce GMO:Nie"}, {"header": "Wartość odżywcza", "content": "W 100 gWartość energetyczna kcal133 kcalZawartość tłuszczów (ogólnie)4.5 gKwasy tłuszczowe nasycone1.7 gZawartość węglowodanów1.2 gCukry0.6 gZawartość białek21 gZawartość soli2.4 g"}, {"header": "Pozostałe informacje", "content": "Kraj pochodzenia:PolskaKraj pochodzenia zależy od konkretnej partii produktu jaka znajduje się w sklepie. Informację o kraju pochodzenia znajdziesz na opakowaniu. Możesz również dodać komentarz z preferowanym typem produktu w koszyku lub wiadomości dla shoppera (np. “prosze o pomidory polskie”).Producent:Sokołów S.ADystrybutor:Sokołów SAAleja 550-lecia 1 08-300 Sokołów PodlaskiImporter:Sokołów SAAleja 550-lecia 1 08-300 Sokołów Podlaski PLNazwa wymagana prawnie:Schab wędzony. Produkt wieprzowy, wędzony, parzony, w plastrach."}], "images": ["data/images/25a45c6d80d8ec46a9068653914d0245.jpg"], "absolute_path": "Mięso/Wędliny/Wędliny w plastrach/Produkt 12"}
{"name": "Produkt 14", "url": "https://zakupy.biedronka.pl/kraina-wedlin-kraina-wedlin-schab-z-beskidzkiej-wedzarni-150-g-0000008637.html", "title": "Kraina Wędlin Schab z beskidzkiej wędzarni 150 g", "brand": "Kraina Wędlin", "price": "9.39 PLN", "packaging_details": "0.15kg- 62,60 zł / kg", "description_sections": [{"header": "Składniki i alergeny", "content": "Składniki:mięso wieprzowe (85%), woda, cukier, wzmacniacz smaku: glutaminian monosodowy, aromaty, glukoza, sól, przyprawy, stabilizator: trifosforany, białko wieprzowe, przeciwutleniacz: askorbinian sodu, ekstrakty przypraw, substancja konserwująca: azotyn sodu. Produkt może zawierać: zboża zawierające gluten,jaja,soję,mleko(łącznie z laktozą),seler,gorczycę."}, {"header": "Pozostałe informacje", "content": "Kraj pochodzenia:PolskaKraj pochodzenia zależy od konkretnej partii produktu jaka znajduje się w sklepie. Informację o kraju pochodzenia znajdziesz na opakowaniu. Możesz również dodać komentarz z preferowanym typem produktu w koszyku lub wiadomości dla shoppera (np. “prosze o pomidory polskie”).Nazwa wymagana prawnie:Wędzonka wieprzowa, wędzona, parzona. Zawiera wodę dodaną."}], "images": ["data/images/599856dbf5be8fa91aafb3350bf79358.jpg", "data/images/b41f3489813c69f9fbbd837ace7baee0.jpg"], "absolute_path": "Mięso/Wędliny/Wędliny w plastrach/Produkt 14"}
{"name": "Produkt 1", "url": "https://zakupy.biedronka.pl/duda-duda-szynka-drobiowa-wedzona-200-g-0000019275.html", "title": "Duda Szynka drobiowa wędzona 200 g", "brand": "Duda", "price": "7.99 PLN", "packaging_details": "0.2kg- 39,95 zł / kg", "description_sections": [{"header": "Opis produktu", "content": "WĘDLINA DROBIOWA, WĘDZONA, PARZONA, ŚREDNIO ROZDROBNIONA, Z WODĄ DODANĄ, W PLASTRACH."}, {"header": "Składniki i alergeny", "content": "Składniki:Składniki: mięso z kurczaka 80% (w tym 75% mięsa z piersi kurczaka), woda, skrobia modyfikowana, sól, stabilizatory [E451, E331], glukoza, syrop glukozowy, białko drobiowe z kurczaka, przeciwutleniacz [E301], wzmacniacz smaku [E621], aromat, substancja zagęszczająca [E407], kultury bakterii, substancja konserwująca [E250]."}, {"header": "Pozostałe informacje", "content": "Kraj pochodzenia:PolskaKraj pochodzenia zależy od konkretnej partii produktu jaka znajduje się w sklepie. Informację o kraju pochodzenia znajdziesz na opakowaniu. Możesz również dodać komentarz z preferowanym typem produktu w koszyku lub wiadomości dla shoppera (np. “prosze o pomidory polskie”).Dystrybutor:Jeronimo Martins Polska S.A.Żniwna 5 62-025 Kostrzyn PLImporter:Jeronimo Martins Polska S.A.Żniwna 5 62-025 Kostrzyn PLNazwa wymagana prawnie:Wędlina drobiowa, wędzona, parzona, średnio rozdrobniona, z wodą dodaną, w plastrach."}], "images": ["data/images/0d87c6574687b95c3a5103eff27debf6.jpg"], "absolute_path": "Mięso/Szynki/Szynki drobiowe/Produkt 1"}
{"name": "Produkt 17", "url": "https://zakupy.biedronka.pl/kraina-wedlin-na-codzien-kraina-wedlin-poledwica-drobiowa-plastry-250-g-0000007025.html", "title": "Kraina Wędlin Polędwica drobiowa plastry 250 g", "brand": "Kraina Wędlin na codzień", "price": "9.99 PLN", "packaging_details": "0.25kg- 39,96 zł / kg", "description_sections": [{"header": "Opis produktu", "content": "WĘDLINA DROBIOWA, PARZONA, GRUBO ROZDROBNIONA, Z DODATKIEM WODY, W PLASTRACH."}, {"header": "Składniki i alergeny", "content": "Składniki:Składniki: filet z piersi kurczaka 75%, woda, skrobia modyfikowana, sól, glukoza, syrop glukozowy suszony, stabilizatory: trifosforany, cytryniany sodu, białko z kurczaka, przeciwutleniacz: askorbinian sodu, wzmacniacz smaku: glutaminian monosodowy, aromat, substancja zagęszczająca: karagen, substancja konserwująca: azotyn sodu. Produkt może zawieraćgorczycę,soję,seler,laktozę(zmleka)."}, {"header": "Pozostałe informacje", "content": "Kraj pochodzenia:PolskaKraj pochodzenia zależy od konkretnej partii produktu jaka znajduje się w sklepie. Informację o kraju pochodzenia znajdziesz na opakowaniu. Możesz również dodać komentarz z preferowanym typem produktu w koszyku lub wiadomości dla shoppera (np. “prosze o pomidory polskie”).Nazwa wymagana prawnie:WĘDLINA DROBIOWA, PARZONA, GRUBO ROZDROBNIONA, Z DODATKIEM WODY, W PLASTRACH."}], "images": ["data/images/0fe57ce833da93ac7eb7213e91b38be7.jpg", "data/images/8b4f0def63fcc82703779fc394da3fc5.jpg"], "absolute_path": "Mięso/Wędliny/Wędliny w plastrach/Produkt 17"}
{"name": "Produkt 15", "url": "https://zakupy.biedronka.pl/sokolow-sokolow-salami-w-obsypce-cebula-100-g-0000002206.html", "title": "Sokołów Salami w obsypce cebula 100 g", "brand": "Sokołów", "price": "6.99 PLN", "packaging_details": "0.1kg- 69,90 zł / kg", "description_sections": [{"header": "Opis produktu", "content": "Salami w obsypce cebula. Produkt o wysokiej jakości."}, {"header": "Składniki i alergeny", "content": "Składniki:Mięso wieprzowe, tłuszcz wieprzowe, posypka cebula suszona (4%) (zawiera: żelatynę wieprzową, substancję konserwującą: E202), sól, przyprawy, aromaty, błonnikpszennybezglutenowy, glukoza, cukier, barwnik: E120, przeciwutleniacz: E316, substancja konserwująca: E250, kultury starterowe."}, {"header": "Pozostałe informacje", "content": "Kraj pochodzenia:PolskaKraj pochodzenia zależy od konkretnej partii produktu jaka znajduje się w sklepie. Informację o kraju pochodzenia znajdziesz na opakowaniu. Możesz również dodać komentarz z preferowanym typem produktu w koszyku lub wiadomości dla shoppera (np. “prosze o pomidory polskie”).Nazwa wymagana prawnie:SAMLAMI W OBSYPCE CEBULA 100G"}], "images": ["data/images/c38a8ddb5ca661db0ae57057ccc6f4d9.jpg"], "absolute_path": "Mięso/Wędliny/Wędliny w plastrach/Produkt 15"}
{"name": "Produkt 18", "url": "https://zakupy.biedronka.pl/kraina-wedlin-kraina-wedlin-szynka-z-beskidzkiej-wedzarni-150-g-0000008636.html", "title": "Kraina Wędlin Szynka z beskidzkiej wędzarni 150 g", "brand": "Kraina Wędlin", "price": "9.39 PLN", "packaging_details": "0.15kg- 62,60 zł / kg", "description_sections": [{"header": "Składniki i alergeny", "content": "Składniki:mięso wieprzowe (85%), woda, cukier, wzmacniacz smaku: glutaminian monosodowy, aromaty, glukoza, sól, przyprawy, stabilizator: trifosforany, białko wieprzowe, przeciwutleniacz: askorbinian sodu, ekstrakty przypraw, substancja konserwująca: azotyn sodu. Produkt może zawierać: zboża zawierające gluten,jaja,soję,mleko(łącznie z laktozą),seler,gorczycę."}, {"header": "Pozostałe informacje", "content": "Kraj pochodzenia:PolskaKraj pochodzenia zależy od konkretnej partii produktu jaka znajduje się w sklepie. Informację o kraju pochodzenia znajdziesz na opakowaniu. Możesz również dodać komentarz z preferowanym typem produktu w koszyku lub wiadomości dla shoppera (np. “prosze o pomidory polskie”).Nazwa wymagana prawnie:Wędzonka wieprzowa, wędzona, parzona. Zawiera wodę dodaną."}], "images": ["data/images/c897c490b9f7c51b2e958f2ae880f5d9.jpg", "data/images/96e32cd8bbc243f1e8f7ccb5e0ec28e2.jpg"], "absolute_path": "Mięso/Wędliny/Wędliny w plastrach/Produkt 18"}
{"name": "Produkt 16", "url": "https://zakupy.biedronka.pl/sokolow-sokolow-salami-w-obsypce-nuss-100-g-0000002207.html", "title": "Sokołów Salami w obsypce nuss 100 g", "brand": "Sokołów", "price": "6.99 PLN", "packaging_details": "0.1kg- 69,90 zł / kg", "description_sections": [{"header": "Opis produktu", "content": "Salami w obsypce Nuss. Produkt o wysokiej jakości."}, {"header": "Składniki i alergeny", "content": "Składniki:Mięso wieprzowe, tłuszcz wieprzowy, posypkaorzechyziemne (2%): (zawiera: przyprawy,gorczycę, żelatynę wieprzową, substancję konserwującą: E202), sól, przyprawy, aromaty, błonnikpszennybezglutenowy, glukoza, cukier, barwnik: E120, przeciwutleniacz: E316, substancja konserwująca: E250, kultury starterowe."}, {"header": "Pozostałe informacje", "content": "Kraj pochodzenia:PolskaKraj pochodzenia zależy od konkretnej partii produktu jaka znajduje się w sklepie. Informację o kraju pochodzenia znajdziesz na opakowaniu. Możesz również dodać komentarz z preferowanym typem produktu w koszyku lub wiadomości dla shoppera (np. “prosze o pomidory polskie”).Nazwa wymagana prawnie:SALAMI W OBSYPKACH NUSSS 100G"}], "images": ["data/images/14efb56fb25ad52c0cb4c691da1de62a.jpg", "data/images/a3c30cc3ac1e0d8a88b7059cd714bed4.jpg"], "absolute_path": "Mięso/Wędliny/Wędliny w plastrach/Produkt 16"}
{"name": "Produkt 1", "url": "https://zakupy.biedronka.pl/morliny-morliny-boczek-wedzony-parzony-plastry-150-g-0000007825.html", "title": "Morliny Boczek wędzony parzony plastry 150 g", "brand": "Morliny", "price": "7.99 PLN", "packaging_details": "0.15kg- 53,27 zł / kg", "description_sections": [{"header": "Opis produktu", "content": "BOCZEK WĘDZONY PARZONY"}, {"header": "Składniki i alergeny", "content": "Składniki:Boczek wieprzowy wędzony parzony z dodaną wodą Składniki: boczek wieprzowy 85%, woda, sól, stabilizatory: E451, glukoza, białko wieprzowe, przeciwutleniacz: E316; maltodekstryna, aromaty naturalne, substancja konserwująca: E250. Produkt może zawierać:soję,mlekoi produkty pochodne (w tymlaktozę),gorczycę,seler.Inne informacje o zawartości produktu:Zawiera surowce GMO:Nie"}, {"header": "Wartość odżywcza", "content": "W 100 gWartość energetyczna kcal334 kcalZawartość tłuszczów (ogólnie)31 gKwasy tłuszczowe nasycone12 gZawartość węglowodanów0.7 gCukry0.5 gZawartość białek13 gZawartość soli2.2 g"}, {"header": "Pozostałe informacje", "content": "Kraj pochodzenia:PolskaKraj pochodzenia zależy od konkretnej partii produktu jaka znajduje się w sklepie. Informację o kraju pochodzenia znajdziesz na opakowaniu. Możesz również dodać komentarz z preferowanym typem produktu w koszyku lub wiadomości dla shoppera (np. “prosze o pomidory polskie”).Producent:Animex Kutno Sp. z o.o.,\nul T. Chałubińskiego 8,\n00-613 Warszawa\n\nOddział K1 w Kutnie,\nul. Intermodalna 8,\n99-300 KutnoNazwa wymagana prawnie:Boczek wieprzowy wędzony parzony z dodaną wodą"}], "images": ["data/images/4ad3f826227d5159893873834221e61b.jpg"], "absolute_path": "Mięso/Bekon/Produkt 1"}
{"name": "Produkt 2", "url": "https://zakupy.biedronka.pl/kraina-wedlin-kraina-wedlin-salami-pieprzowe-160-g-0000001162.html", "title": "Kraina Wędlin Salami Pieprzowe, 160 g", "brand": "Kraina Wędlin", "price": "8.39 PLN", "packaging_details": "0.16kg- 52,44 zł / kg", "description_sections": [{"header": "Opis produktu", "content": "Doskonałe na pizze lub kanapkę."}, {"header": "Składniki i alergeny", "content": "Składniki:Składniki: mięso wieprzowe, tłuszcz wieprzowy, sól, przyprawy i ich ekstrakty, aromaty,gorczyca,seler, białkamleka(łącznie z laktozą), pieprz czarny (07), glukoza, dekstroza, błonnikpszennybezglutenowy, wzmacniacz smaku: glutaminian monosodowy; barwnik: kwas karminowy; przeciwutleniacz: izoaskorbinian sodu; substancja konserwująca: azotyn sodu; bakterie fermentacji mlekowej. Do wytworzenia 100g produktu zużyto 124g mięsa wieprzowego.Produkt może zawierać:soję."}, {"header": "Pozostałe informacje", "content": "Kraj pochodzenia:PolskaKraj pochodzenia zależy od konkretnej partii produktu jaka znajduje się w sklepie. Informację o kraju pochodzenia znajdziesz na opakowaniu. Możesz również dodać komentarz z preferowanym typem produktu w koszyku lub wiadomości dla shoppera (np. “prosze o pomidory polskie”).Dystrybutor:Jeronimo Martins Polska S.A.Żniwna 5 62-025 Kostrzyn PLImporter:Jeronimo Martins Polska S.A.Żniwna 5 62-025 Kostrzyn PLNazwa wymagana prawnie:Salami pieprzowe. Kiełbasa wieprzowa, drobno rozdrobniona, surowa, wędzona, suszona, dojrzewająca, z dodatkiem białek mleka."}], "images": ["data/images/4553788fc0ff79aa6f83207709662e59.jpg"], "absolute_path": "Mięso/Salami/Produkt 2"}
{"name": "Produkt 2", "url": "https://zakupy.biedronka.pl/duda-duda-szynka-drobiowa-gotowana-200-g-0000019274.html", "title": "Duda Szynka drobiowa gotowana 200 g", "brand": "Duda", "price": "7.99 PLN", "packaging_details": "0.2kg- 39,95 zł / kg", "description_sections": [{"header": "Opis produktu", "content": "WĘDLINA DROBIOWA, PARZONA, ŚREDNIO ROZDROBNIONA, Z WODĄ DODANĄ, W PLASTRACH."}, {"header": "Składniki i alergeny", "content": "Składniki:Składniki: mięso z kurczaka 80% (w tym 75% mięsa z piersi kurczaka), woda, skrobia modyfikowana, sól, stabilizatory [E451, E331], glukoza, syrop glukozowy, białko drobiowe z kurczaka, przeciwutleniacz [E301], wzmacniacz smaku [E621], aromat, substancja zagęszczająca [E407], kultury bakterii, substancja konserwująca [E250]."}, {"header": "Pozostałe informacje", "content": "Kraj pochodzenia:PolskaKraj pochodzenia zależy od konkretnej partii produktu jaka znajduje się w sklepie. Informację o kraju pochodzenia znajdziesz na opakowaniu. Możesz również dodać komentarz z preferowanym typem produktu w koszyku lub wiadomości dla shoppera (np. “prosze o pomidory polskie”).Dystrybutor:Jeronimo Martins Polska S.A.Żniwna 5 62-025 Kostrzyn PLImporter:Jeronimo Martins Polska S.A.Żniwna 5 62-025 Kostrzyn PLNazwa wymagana prawnie:Wędlina drobiowa, parzona, średnio rozdrobniona, z wodą dodaną, w plastrach."}], "images": ["data/images/35b1e04614bab52ea4649a5934f4308a.jpg"], "absolute_path": "Mięso/Szynki/Szynki drobiowe/Produkt 2"}
{"name": "Produkt 2", "url": "https://zakupy.biedronka.pl/morliny-morliny-boczek-wedzony-plastry-150-g-0000007826.html", "title": "Morliny Boczek wędzony plastry 150 g", "brand": "Morliny", "price": "7.99 PLN", "packaging_details": "0.15kg- 53,27 zł / kg", "description_sections": [{"header": "Opis produktu", "content": "Wędzonka z boczku wieprzowego; peklowana, surowa, wędzona z dodaną wodą"}, {"header": "Składniki i alergeny", "content": "Składniki:Składniki: boczek wieprzowy 96%, regulator kwasowości: mleczan sodu, sól, stabilizatory: trifosforany, przeciwutleniacz: izoaskorbinian sodu, aromaty dymu wędzarniczego, kultury bakterii, substancja konserwująca: azotyn sodu. Produkt może zawierać :soję,mlekoi produkty pochodne (w tymlaktozę),gorczycę,seler.Inne informacje o zawartości produktu:Zawiera surowce GMO:Nie, \n\nInformacje szczegółowe dotyczące środków słodzących:Nie, \n\nZawiera lukrecję:Nie, \n\nZawiera chininę:Nie, \n\nZawiera taurynę:Nie, \n\nZawiera przeciwutleniacze:Tak, \n\nZawiera wzmacniacze smaku:Nie, \n\nZawiera fosforany:Nie, \n\nZawiera barwniki:Nie, \n\nZawiera substancje konserwujące:Tak, \n\nZawiera kofeinę:Nie, \n\nŚrodki spozywcze z dodatkiem fitosteroli, estrów fitosteroli, fitostanoli lub estrów fitostanoli:Nie"}, {"header": "Wartość odżywcza", "content": "W 100 gWartość energetyczna kcal334 kcalZawartość tłuszczów (ogólnie)31 gKwasy tłuszczowe nasycone12 gZawartość węglowodanów0.7 gCukry0 gZawartość białek13 gZawartość soli2 g"}, {"header": "Przechowywanie i sposób przygotowania", "content": "Sposób podania:do smażenia, pieczenia, z grilla"}, {"header": "Pozostałe informacje", "content": "Kraj pochodzenia:PolskaKraj pochodzenia zależy od konkretnej partii produktu jaka znajduje się w sklepie. Informację o kraju pochodzenia znajdziesz na opakowaniu. Możesz również dodać komentarz z preferowanym typem produktu w koszyku lub wiadomości dla shoppera (np. “prosze o pomidory polskie”).Dystrybutor:Animex Kutno Sp. z o.o.  ul. T. Chałubińskiego 8, 00 – 613 Warszawa Oddział K1 w KutnieIntermodalna 8 99-300 Kutnokutno1.biuro@animex.plNazwa wymagana prawnie:Boczek wędzony, boczek wieprzowy wędzony"}], "images": ["data/images/0a1263c3a1388f6b733e087a25fa7862.jpg", "data/images/3bfa87cd012e2c1da74e430a9c30a3cc.jpg"], "absolute_path": "Mięso/Bekon/Produkt 2"}
{"name": "Produkt 1", "url": "https://zakupy.biedronka.pl/kraina-wedlin-kraina-wedlin-salami-klasyczne-160-g-0000001163.html", "title": "Kraina Wędlin Salami klasyczne 160 g", "brand": "Kraina Wędlin", "price": "8.39 PLN", "packaging_details": "0.16kg- 52,44 zł / kg", "description_sections": [{"header": "Opis produktu", "content": "Doskonałe na pizze lub kanapkę."}, {"header": "Składniki i alergeny", "content": "Składniki:Składniki: mięso wieprzowe, tłuszcz wieprzowy, sól, przyprawy i ich ekstrakty, aromaty,seler, glukoza, dekstroza, błonnikpszennybezglutenowy, wzmacniacze smaku: glutaminian monosodowy, 5'-rybonukleotydy disodowe, barwnik: kwas karminowy; przeciwutleniacz: izoaskorbinian sodu; substancja konserwująca: azotyn sodu; bakterie fermentacji mlekowej. Do wytworzenia 100g produktu zużyto 124g mięsa wieprzowego. Produkt może zawierać:gorczycę,soję, białkamleka(łącznie z laktozą).Alergeny:Seler i produkty pochodneInne informacje o zawartości produktu:Zawiera surowce GMO:Nie"}, {"header": "Wartość odżywcza", "content": "W 100 gWartość energetyczna kcal413 kcalZawartość tłuszczów (ogólnie)36 gKwasy tłuszczowe nasycone13.1 gZawartość węglowodanów1.5 gCukry0.5 gZawartość błonnika1.5 gZawartość białek20 gZawartość soli3.9 g"}, {"header": "Pozostałe informacje", "content": "Kraj pochodzenia:PolskaKraj pochodzenia zależy od konkretnej partii produktu jaka znajduje się w sklepie. Informację o kraju pochodzenia znajdziesz na opakowaniu. Możesz również dodać komentarz z preferowanym typem produktu w koszyku lub wiadomości dla shoppera (np. “prosze o pomidory polskie”).Nazwa wymagana prawnie:Salami klasyczne. Kiełbasa wieprzowa, drobno rozdrobniona, surowa, wędzona, suszona, dojrzewająca."}], "images": ["data/images/0da7e079aee68b6bc77b411b42ea64a5.jpg"], "absolute_path": "Mięso/Salami/Produkt 1"}
{"name": "Produkt 1", "url": "https://zakupy.biedronka.pl/lisner-lisner-sledzik-na-raz-w-sosie-grzybowym-kurki-100-g-0000016514.html", "title": "Lisner Śledzik na raz w sosie grzybowym kurki 100 g", "brand": "Lisner", "price": "3.75 PLN", "packaging_details": "0.1kg- 37,50 zł / kg", "description_sections": [{"header": "Składniki i alergeny", "content": "Składniki:40 % filety ze śledzia atlantyckiego,olej rzepakowy,woda,8,5 % śmietanka,6,4 % grzyby konserwowe (4,2 % pieczarki, 1,1 % kurki, 1,1 %grzyby nameko),cebula marynowana,cukier,jogurt(mleko, skrobia),sól,smażona cebula z grzybami [cebula, 0,6 % maślaki, olej rzepakowy, mieszanka przyprawowa (zawiera: wzmacniacz smaku: E621; hydrolizat białkasojowego, barwniki: ryboflawiny)],ocet spirytusowy,skrobia modyfikowana,żółtkojaja,aromat (zawieramleko),ekstrakt papryki i kurkumy,regulatory kwasowości (kwas octowy, kwas cytrynowy),substancje konserwujące (sorbinian potasu, benzoesan sodu)Alergeny:Może zawierać Seler, \n\nMoże zawierać Skorupiaki, \n\nZawiera Jaja, \n\nZawiera Ryba, \n\nZawiera Mleko, \n\nMoże zawierać Gorczyca, \n\nZawiera Soja"}, {"header": "Wartość odżywcza", "content": "W 100 gWartość energetyczna309 kcalTłuszcz28 gw tym kwasy tłuszczowe nasycone4.2 gWęglowodany6.4 gw tym cukry5.6 gBiałko7.8 gSól1.9 g"}, {"header": "Przechowywanie i sposób przygotowania", "content": "Sposób podania:Po otwarciu - produkt przeznaczony do bezpośredniego spożycia."}, {"header": "Pozostałe informacje", "content": "Producent:Lisner Poznań sp. z o.o. sp. k.,\nul. Strzeszyńska 38\\42,\n60-479 Poznań,\nPolskaDystrybutor:Lisner Poznań sp. z o.o. sp. k.ul. Strzeszyńska 38/42 60-479 PoznańImporter:Lisner Poznań Sp. z o.o. Sp. k.ul. Strzeszyńska 38/42 60-479 Poznań PLmonika.guzniczak@lisner.cpm.plNazwa wymagana prawnie:Marynowane, krojone filety śledziowe bez skóry w sosie grzybowym z kurkami."}], "images": ["data/images/383c6314a51a04e4cc623fc4883a1049.jpg"], "absolute_path": "Mięso/Ryby/Śledzie/Produkt 1"}
{"name": "Produkt 2", "url": "https://zakupy.biedronka.pl/lisner-lisner-sledz-atlantycki-w-sosie-smietanowym-700-g-0000000321.html", "title": "Lisner Śledź atlantycki w sosie śmietanowym 700 g", "brand": "Lisner", "price": "17.79 PLN", "packaging_details": "0.7kg- 25,41 zł / kg", "description_sections": [{"header": "Opis produktu", "content": "Filety śledziowe w aksamitnym sosie śmietanowym z dodatkiem cebulki, ogórka i jabłka."}, {"header": "Składniki i alergeny", "content": "Składniki:40% marynowane filety ze śledzia atlantyckiego (Clupea harengus)*, (śledź, cukier, sól, regulator kwasowości: kwas octowy) ,olej rzepakowy, woda, 8%śmietana, 6,6%cebula marynowana, 6,3 ogórek konserwowy, 3,1% jabłko gotowane, cukier, ocet spirytusowy, sól,jogurt(mleko, skrobia ), żółtkojaja, skrobia modyfikowana, substancje konserwujące: sorbinian potasu, benzoesan sodu"}, {"header": "Pozostałe informacje", "content": "Kraj pochodzenia:PolskaKraj pochodzenia zależy od konkretnej partii produktu jaka znajduje się w sklepie. Informację o kraju pochodzenia znajdziesz na opakowaniu. Możesz również dodać komentarz z preferowanym typem produktu w koszyku lub wiadomości dla shoppera (np. “prosze o pomidory polskie”).Dystrybutor:Jeronimo Martins Polska S.A.Żniwna 5 62-025 Kostrzyn PLImporter:Jeronimo Martins Polska S.A.Żniwna 5 62-025 Kostrzyn PLMiejsce Połowu:Rejon: Morze Bałtyckie, Podobszar: Morze Północne (Podobszar IV), Rejon: Morze Norweskie, Rejon: Skagerrak i Kattegat, Rejon: Północne Morze Celtyckie (Rejon VII g), Rejon: Południowe Morze Celtyckie (Rejon VII h), Rajon: Morze IrlandzkieMetoda produkcji:Złowione w morzuNarzędzie połowu:Włoki rozpornicowe pelagiczneNazwa wymagana prawnie:Marynowane filety śledziowe bez skóry w sosie śmietanowym 700g"}], "images": ["data/images/bb04cd2499aa0024e126b963be33e531.jpg"], "absolute_path": "Mięso/Ryby/Śledzie/Produkt 2"}
{"name": "Produkt 1", "url": "https://zakupy.biedronka.pl/marinero-marinero-dorsz-atlantycki-poledwica-opak.-ok.-500-g-0000012820.html", "title": "Marinero Dorsz atlantycki polędwica opak. ok. 500 g", "brand": "Marinero", "price": "9.99 PLN", "packaging_details": "ok. 500 g ~ 0.5kg- 99,90 zł / kg", "description_sections": [{"header": "Składniki i alergeny", "content": "Składniki:dorszatlantycki, polędwicaAlergeny:Ryby i produkty pochodne"}, {"header": "Pozostałe informacje", "content": "Miejsce Połowu:Podobszar: Morze Barentsa (Podobszar I), Rejon: Morze NorweskieMetoda produkcji:Złowione w morzuNazwa wymagana prawnie:Dorsz atlantycki (Gadus morhua), polędwica bez skóry, ryba rozmrażana, nie zamrażać ponownie DUPLIKAT"}], "images": ["data/images/0bc54a8c2d57aa6f2dfcc8694fa2a7c6.jpg"], "absolute_path": "Mięso/Ryby/Ryby świeże/Produkt 1"}
{"name": "Produkt 2", "url": "https://zakupy.biedronka.pl/marinero-marinero-mintaj-filet-bez-skory-0000005343.html", "title": "Marinero Mintaj filet bez skóry", "brand": "Marinero", "price": "4.99 PLN", "packaging_details": "ok. 500g ~ 0.5kg- 49,90 zł / kg", "description_sections": [{"header": "Składniki i alergeny", "content": "Składniki:Mintaj (gadus chalcogrammus) filet bez skóry."}, {"header": "Przechowywanie i sposób przygotowania", "content": "Sposób podania:Spożyć po obróbce cieplnej."}, {"header": "Pozostałe informacje", "content": "Miejsce Połowu:Północno-zachodnia część Oceanu Spokojnego, Północno-wschodnia część Oceanu SpokojnegoMetoda produkcji:Złowione w morzuNarzędzie połowu:WłokiNazwa wymagana prawnie:Mintaj - filet bez skóry, rozmrożony"}], "images": ["data/images/c60fa53d185f3d5ac034282bb262cadf.jpg"], "absolute_path": "Mięso/Ryby/Ryby świeże/Produkt 2"}
{"name": "Produkt 3", "url": "https://zakupy.biedronka.pl/marinero-marinero-losos-swiezy-filet-ze-skora-kg-0000002344.html", "title": "Marinero Łosoś świeży filet ze skórą kg", "brand": "Marinero", "price": "6.99 PLN", "packaging_details": "ok. 1200g ~ 1.2kg- 69,90 zł / kg", "description_sections": [{"header": "Opis produktu", "content": "ryba świeża - wymaga obróbki termicznej"}, {"header": "Składniki i alergeny", "content": "Składniki:łosośatlantycki (Salmo salar), filet ze skórą. **Ryba świeża lubrybarozmrożona,nie zamrażać ponownie"}, {"header": "Pozostałe informacje", "content": "Kraj pochodzenia:NorwegiaKraj pochodzenia zależy od konkretnej partii produktu jaka znajduje się w sklepie. Informację o kraju pochodzenia znajdziesz na opakowaniu. Możesz również dodać komentarz z preferowanym typem produktu w koszyku lub wiadomości dla shoppera (np. “prosze o pomidory polskie”).Metoda produkcji:Złowione w hodowliNazwa wymagana prawnie:MARINERO ŁOSOŚ ŚWIEŻY FILET ZS"}], "images": ["data/images/877dbeb1051e59c12e86682880a9ebcb.jpg"], "absolute_path": "Mięso/Ryby/Ryby świeże/Produkt 3"}
{"name": "Produkt 1", "url": "https://zakupy.biedronka.pl/vici-vici-paluszki-surimi-250-g-0000006312.html", "title": "Vici Paluszki surimi 250 g", "brand": "Vici", "price": "5.69 PLN", "packaging_details": "0.25kg- 22,76 zł / kg", "description_sections": [{"header": "Składniki i alergeny", "content": "Składniki:surimi 41 % (mięso zryb, stabilizatory: sorbitol, E450, E451, E452, cukier),woda,skrobia (zawierapszenicę),białkojaja,olej roślinny*,aromat (zawieraskorupiaki),sól,cukier,białkosojowe,skrobia modyfikowana,zółtkojaja,barwniki: E120, E160c *(R: olej rzepakowy, S: olej słonecznikowy),patrz litera R lub S po numerze partiiAlergeny:Zawiera Skorupiaki, \n\nZawiera Jaja, \n\nZawiera Soja, \n\nZawiera PszenicaInne informacje o zawartości produktu:Barwniki:Zawiera, \n\nWzmacniacze smaku:Nie zawiera, \n\nSmaki / Aromaty:Zawiera"}, {"header": "Wartość odżywcza", "content": "W 100 gWartość energetyczna112 kcalTłuszcz3.2 gw tym kwasy tłuszczowe nasycone0.3 gWęglowodany13.2 gw tym cukry2.9 gBiałko8.2 gSól1.33 g"}, {"header": "Pozostałe informacje", "content": "Producent:JSC „Plungės Kooperatinė Prekyba\"\nBirutės st. 50\nLT - 90112, Plungė\nLitva\nTel,: +370 44873170\nwww.viciunsigroup.euDystrybutor:Vicziunai-Pol Spółka z o.o.Ul. Bł.S. Kanizji Mackiewicz 2/3 16-400 SuwałkiNazwa wymagana prawnie:Paluszki surimi, chłodzone"}], "images": ["data/images/2c399f3f07b7c9ca021ca71e6c3651b8.jpg"], "absolute_path": "Mięso/Ryby/Ryby marynowane/Produkt 1"}
{"name": "Produkt 3", "url": "https://zakupy.biedronka.pl/marinero-marinero-losos-marynowany-plastry-z-pieprzem-i-sosem-100-g-plus-20-g-0000004288.html", "title": "Marinero Łosoś marynowany plastry z pieprzem i sosem 100 g + 20 g", "brand": "Marinero", "price": "14.95 PLN", "packaging_details": "0.12kg- 149,50 zł / kg", "description_sections": [{"header": "Opis produktu", "content": "ŁOSOŚ MARYNO.Z SOS.MARINERO MIX 100G+20G Z PIEPRZEM"}, {"header": "Składniki i alergeny", "content": "Składniki:składniki:łosośatlantycki (ryba)** 93 %, sól, cukier, pieprz kolorowy 0,5 % (pieprz: biały, czarny, zielony, czerwony - w zmiennych proporcjach), aromat. Sos musztardowo-miodowy:musztarda(woda, mączka zgorczycy, ocet spirytusowy, cukier, sól, przyprawy) 60 %, miód nektarowy pszczeli wielokwiatowy 10 %, olej rzepakowy, przyprawy. Produkt może zawierać:mleko(łącznie z laktozą),soję,seler. *Alergeny:Soja i produkty pochodne, \n\nRyby i produkty pochodneInne informacje o zawartości produktu:Zawiera surowce GMO:Nie, \n\nOsłonka niejadalna:Nie, \n\nInformacje szczegółowe dotyczące środków słodzących:Nie, \n\nZawiera lukrecję:Nie, \n\nZawiera chininę:Nie, \n\nZawiera taurynę:Nie, \n\nZawiera przeciwutleniacze:Tak, \n\nZawiera wzmacniacze smaku:Tak, \n\nZawiera fosforany:Nie, \n\nZawiera siarczyny:Nie, \n\nZawiera barwniki:Nie, \n\nZawiera aromaty:Nie, \n\nZawiera antybiotyki:Nie, \n\nZawiera substancje konserwujące:Tak, \n\nZawiera tłuszcze utwardzone (trans):Nie, \n\nZawiera olej palmowy:Nie, \n\nZawiera kofeinę:Nie, \n\nPlant based - produkt bazujący na składnikach roślinnych:Nie, \n\nCzy znaki dietetyczne/alergenów znajdują się na opakowaniu?:Nie"}, {"header": "Wartość odżywcza", "content": "W 100 gWartość energetyczna kcal183 kcalZawartość tłuszczów (ogólnie)10 gKwasy tłuszczowe nasycone1.7 gZawartość węglowodanów6.3 gCukry4.4 gZawartość błonnika1 gZawartość białek17 gZawartość soli2.5 g"}, {"header": "Pozostałe informacje", "content": "Kraj pochodzenia:PolskaKraj pochodzenia zależy od konkretnej partii produktu jaka znajduje się w sklepie. Informację o kraju pochodzenia znajdziesz na opakowaniu. Możesz również dodać komentarz z preferowanym typem produktu w koszyku lub wiadomości dla shoppera (np. “prosze o pomidory polskie”).Producent:Koral S.A.Dystrybutor:KORAL SAZA DWORCEM 13 83-110 TCZEWImporter:KORAL SAZA DWORCEM 13 83-110 TCZEW PLMetoda produkcji:Złowione w hodowliNazwa wymagana prawnie:ŁOSOŚ MARYNO.Z SOS.MARINERO MIX 100G+20G  Z PIEPRZEM"}], "images": ["data/images/96269e9cded82d02092742ea56a0d75a.jpg"], "absolute_path": "Mięso/Ryby/Ryby marynowane/Produkt 3"}
{"name": "Produkt 2", "url": "https://zakupy.biedronka.pl/marinero-marinero-losos-wedzony-na-goraco-lagodny-125-g-0000002242.html", "title": "Marinero Łosoś wędzony na gorąco łagodny 125 g", "brand": "Marinero", "price": "12.99 PLN", "packaging_details": "0.125kg- 103,92 zł / kg", "description_sections": [{"header": "Składniki i alergeny", "content": "Składniki:łosośatlantycki (Salmo salar), sól."}, {"header": "Przechowywanie i sposób przygotowania", "content": "Sposób podania:wyśmienity do spożycia bezpośrednio po rozpakowaniu lub podgrzany w piekarniku"}, {"header": "Pozostałe informacje", "content": "Kraj pochodzenia:PolskaKraj pochodzenia zależy od konkretnej partii produktu jaka znajduje się w sklepie. Informację o kraju pochodzenia znajdziesz na opakowaniu. Możesz również dodać komentarz z preferowanym typem produktu w koszyku lub wiadomości dla shoppera (np. “prosze o pomidory polskie”).Miejsce Połowu:Podobszar: Morze Norweskie, Spitsbergen i Wyspa Niedźwiedzia (Podobszar II)Metoda produkcji:Częściowo złowione w morzu, częściowo pochodzące z hodowliNarzędzie połowu:Sieci włokoweNazwa wymagana prawnie:ŁOSOŚ WĘDZ. NA GORĄCO MARINERO MIX 125G ŁAGODNY"}], "images": ["data/images/edc1f03e64384e0062c7216380ba5c25.jpg"], "absolute_path": "Mięso/Ryby/Ryby wędzone/Produkt 2"}
{"name": "Produkt 1", "url": "https://zakupy.biedronka.pl/marinero-marinero-losos-norweski-wedzony-plastry-150-g-0000001310.html", "title": "Marinero Łosoś Norweski wędzony plastry 150 g", "brand": "Marinero", "price": "17.99 PLN", "packaging_details": "0.15kg- 119,93 zł / kg", "description_sections": [{"header": "Opis produktu", "content": "ŁOSOŚ NORWESKI WĘDZONY PLASTRY 150G MARINERO"}, {"header": "Składniki i alergeny", "content": "Składniki:łosośatlantycki (Salmo salar), sól.Alergeny:Ryby i produkty pochodneInne informacje o zawartości produktu:Zawiera surowce GMO:Nie"}, {"header": "Wartość odżywcza", "content": "W 100 gWartość energetyczna kcal175 kcalZawartość tłuszczów (ogólnie)11 gKwasy tłuszczowe nasycone1.5 gZawartość węglowodanów0.1 gCukry0.1 gZawartość białek19 gZawartość soli2.9 g"}, {"header": "Przechowywanie i sposób przygotowania", "content": "Sposób przygotowania:Wędzić na gorącoSposób podania:gotowy do spożycia po otwarciu"}, {"header": "Pozostałe informacje", "content": "Kraj pochodzenia:PolskaKraj pochodzenia zależy od konkretnej partii produktu jaka znajduje się w sklepie. Informację o kraju pochodzenia znajdziesz na opakowaniu. Możesz również dodać komentarz z preferowanym typem produktu w koszyku lub wiadomości dla shoppera (np. “prosze o pomidory polskie”).Producent:Koral S.A.Dystrybutor:KORAL SAZA DWORCEM 13 83-110 TCZEWImporter:KORAL SAZA DWORCEM 13 83-110 TCZEW PLMiejsce Połowu:Podobszar: Morze Norweskie, Spitsbergen i Wyspa Niedźwiedzia (Podobszar II)Metoda produkcji:Złowione w morzuNarzędzie połowu:Sieci włokoweNazwa wymagana prawnie:ŁOSOŚ NORWESKI WĘDZONY PLASTRY 150G MARINERO"}], "images": ["data/images/4e8a259e0cd95399544c6fb6e64e4eb1.jpg"], "absolute_path": "Mięso/Ryby/Ryby wędzone/Produkt 1"}
{"name": "Produkt 2", "url": "https://zakupy.biedronka.pl/marinero-marinero-losos-marynowany-plastry-z-koprem-i-sosem-100-g-plus-20-g-0000004287.html", "title": "Marinero Łosoś marynowany plastry z koprem i sosem 100 g + 20 g", "brand": "Marinero", "price": "14.95 PLN", "packaging_details": "0.12kg- 149,50 zł / kg", "description_sections": [{"header": "Opis produktu", "content": "ŁOSOŚ MARYNO.Z KOPREM MARINERO 100G+20G"}, {"header": "Składniki i alergeny", "content": "Składniki:Składniki:łosośatlantycki (ryba)** 93 %, sól, cukier, koper suszony 0,2 %, aromat. Sos chrzanowo-śmietanowy: chrzan 27 %, olej rzepakowy,śmietana25 %, woda, cukier, ocet spirytusowy, serwatka w proszku (zmlekałącznie z laktozą), substancje zagęszczające: guma guar, guma ksantanowa, sól, przeciwutleniacz: kwas askorbinowy, substancja konserwująca: pirosiarczyn sodu. Produkt może zawierać:sojęAlergeny:Ryby i produkty pochodneInne informacje o zawartości produktu:Zawiera surowce GMO:Nie, \n\nInformacje szczegółowe dotyczące środków słodzących:Nie, \n\nZawiera lukrecję:Nie, \n\nZawiera chininę:Nie, \n\nZawiera taurynę:Nie, \n\nZawiera przeciwutleniacze:Nie, \n\nZawiera wzmacniacze smaku:Nie, \n\nZawiera fosforany:Nie, \n\nZawiera siarczyny:Nie, \n\nZawiera barwniki:Nie, \n\nZawiera aromaty:Nie, \n\nZawiera antybiotyki:Nie, \n\nZawiera substancje konserwujące:Nie, \n\nZawiera tłuszcze utwardzone (trans):Nie, \n\nZawiera olej palmowy:Nie, \n\nZawiera kofeinę:Nie, \n\nŚrodki spozywcze z dodatkiem fitosteroli, estrów fitosteroli, fitostanoli lub estrów fitostanoli:Nie, \n\nPlant based - produkt bazujący na składnikach roślinnych:Nie, \n\nCzy znaki dietetyczne/alergenów znajdują się na opakowaniu?:Nie"}, {"header": "Wartość odżywcza", "content": "W 100 mlWartość energetyczna kcal182 kcalZawartość tłuszczów (ogólnie)1.9 gKwasy tłuszczowe nasycone11 gZawartość węglowodanów2.8 gCukry2 gZawartość błonnika0.7 gZawartość białek18 gZawartość soli2.7 g"}, {"header": "Pozostałe informacje", "content": "Kraj pochodzenia:PolskaKraj pochodzenia zależy od konkretnej partii produktu jaka znajduje się w sklepie. Informację o kraju pochodzenia znajdziesz na opakowaniu. Możesz również dodać komentarz z preferowanym typem produktu w koszyku lub wiadomości dla shoppera (np. “prosze o pomidory polskie”).Producent:Koral S.A.Dystrybutor:KORAL SAZA DWORCEM 13 83-110 TCZEWImporter:KORAL SAZA DWORCEM 13 83-110 TCZEW PLMiejsce Połowu:Podobszar: Morze Norweskie, Spitsbergen i Wyspa Niedźwiedzia (Podobszar II)Metoda produkcji:Złowione w morzuNarzędzie połowu:Włoki rozprzoweNazwa wymagana prawnie:ŁOSOŚ MARYNO.Z KOPREM  MARINERO  100G+20G"}], "images": ["data/images/fc698b5514df18650c40ba31ba796003.jpg"], "absolute_path": "Mięso/Ryby/Ryby marynowane/Produkt 2"}
{"name": "Produkt 6", "url": "https://zakupy.biedronka.pl/marinero-marinero-losos-wedzony-na-goraco-z-koperkiem-125-g-0000002244.html", "title": "Marinero Łosoś wędzony na gorąco z koperkiem 125 g", "brand": "Marinero", "price": "12.99 PLN", "packaging_details": "0.125kg- 103,92 zł / kg", "description_sections": [{"header": "Składniki i alergeny", "content": "Składniki:łosośatlantycki (Salmo salar), sól, KOPER 0,5 %"}, {"header": "Przechowywanie i sposób przygotowania", "content": "Sposób podania:wyśmienity do spożycia bezpośrednio po rozpakowaniu lub podgrzany w piekarniku"}, {"header": "Pozostałe informacje", "content": "Kraj pochodzenia:PolskaKraj pochodzenia zależy od konkretnej partii produktu jaka znajduje się w sklepie. Informację o kraju pochodzenia znajdziesz na opakowaniu. Możesz również dodać komentarz z preferowanym typem produktu w koszyku lub wiadomości dla shoppera (np. “prosze o pomidory polskie”).Miejsce Połowu:Podobszar: Morze Północne (Podobszar IV)Metoda produkcji:Złowione w morzuNarzędzie połowu:Sieci włokoweNazwa wymagana prawnie:ŁOSOŚ WĘDZ. NA GORĄCO MARINERO Z KOPERKIEM  125G"}], "images": ["data/images/59a119f1a4005ebbeab49acc19829046.jpg"], "absolute_path": "Mięso/Ryby/Ryby wędzone/Produkt 6"}
{"name": "Produkt 4", "url": "https://zakupy.biedronka.pl/marinero-marinero-losos-wedzony-na-goraco-z-pieprzem-125-g-0000002243.html", "title": "Marinero Łosoś wędzony na gorąco z pieprzem 125 g", "brand": "Marinero", "price": "12.99 PLN", "packaging_details": "0.125kg- 103,92 zł / kg", "description_sections": [{"header": "Składniki i alergeny", "content": "Składniki:łosośatlantycki (Salmo salar), sól, pieprz 1 %"}, {"header": "Przechowywanie i sposób przygotowania", "content": "Sposób podania:wyśmienity do spożycia bezpośrednio po rozpakowaniu  lub  podgrzany w piekarniku"}, {"header": "Pozostałe informacje", "content": "Kraj pochodzenia:PolskaKraj pochodzenia zależy od konkretnej partii produktu jaka znajduje się w sklepie. Informację o kraju pochodzenia znajdziesz na opakowaniu. Możesz również dodać komentarz z preferowanym typem produktu w koszyku lub wiadomości dla shoppera (np. “prosze o pomidory polskie”).Miejsce Połowu:Podobszar: Morze Północne (Podobszar IV)Metoda produkcji:Częściowo złowione w morzu, częściowo pochodzące z hodowliNarzędzie połowu:Sieci włokoweNazwa wymagana prawnie:ŁOSOŚ WĘDZ. NA GORĄCO MARINERO MIX 125G Z PIEPRZEM"}], "images": ["data/images/7adcc6ede6285dfac140541800f7d9ee.jpg"], "absolute_path": "Mięso/Ryby/Ryby wędzone/Produkt 4"}
{"name": "Produkt 3", "url": "https://zakupy.biedronka.pl/marinero-marinero-losos-plastry-wedzony-na-zimno-100-g-0000004717.html", "title": "Marinero Łosoś plastry wędzony na zimno 100 g", "brand": "Marinero", "price": "12.99 PLN", "packaging_details": "0.1kg- 129,90 zł / kg", "description_sections": [{"header": "Składniki i alergeny", "content": "Składniki:łosośatlantycki (Salmo salar), sól"}, {"header": "Pozostałe informacje", "content": "Metoda produkcji:Złowione w hodowliNazwa wymagana prawnie:Łosoś wędzony na zimno dymem z drewna bukowo- olchowego, solony na sucho, plastry"}], "images": ["data/images/e063f28d1c661b3ce51420d6fd9e5512.jpg"], "absolute_path": "Mięso/Ryby/Ryby wędzone/Produkt 3"}
{"name": "Produkt 5", "url": "https://zakupy.biedronka.pl/marinero-marinero-makrela-wedzona-tusza-opak-ok.-250-g-0000000118.html", "title": "Marinero Makrela wędzona tusza opak ok. 250 g", "brand": "Marinero", "price": "3.19 PLN", "packaging_details": "ok. 300g ~ 0.3kg- 31,90 zł / kg", "description_sections": [{"header": "Składniki i alergeny", "content": "Składniki:makrela(scomber scombrus) wędzona tusza, sól"}, {"header": "Pozostałe informacje", "content": "Miejsce Połowu:Podobszar: Morze Północne (Podobszar IV)Metoda produkcji:Złowione w morzuNazwa wymagana prawnie:Makrela wędzona na gorąco"}], "images": ["data/images/cc734e71a14f50eded8f862b20988fa0.jpg", "data/images/f7efdd78df7a75a187f3618b0d4e66e4.jpg"], "absolute_path": "Mięso/Ryby/Ryby wędzone/Produkt 5"}
{"name": "Produkt 7", "url": "https://zakupy.biedronka.pl/fisherking-fisherking-pstrag-lososiowy-wedzony-w-plastrach-100-g-0000009457.html", "title": "Fisherking Pstrąg łososiowy wędzony w plastrach 100 g", "brand": "Fisherking", "price": "12.95 PLN", "packaging_details": "0.1kg- 129,50 zł / kg", "description_sections": [{"header": "Opis produktu", "content": "Pstrąg łososiowy wędzony na zimno, plastry."}, {"header": "Składniki i alergeny", "content": "Składniki:Składniki: Pstrąg tęczowy, sól.Alergeny:Ryby i produkty pochodneInne informacje o zawartości produktu:Zawiera surowce GMO:Nie"}, {"header": "Wartość odżywcza", "content": "W 100 gWartość energetyczna kcal198 kcalZawartość tłuszczów (ogólnie)13 gKwasy tłuszczowe nasycone2.5 gZawartość węglowodanów0 gCukry0 gZawartość białek20 gZawartość soli3.2 g"}, {"header": "Pozostałe informacje", "content": "Kraj pochodzenia:PolskaKraj pochodzenia zależy od konkretnej partii produktu jaka znajduje się w sklepie. Informację o kraju pochodzenia znajdziesz na opakowaniu. Możesz również dodać komentarz z preferowanym typem produktu w koszyku lub wiadomości dla shoppera (np. “prosze o pomidory polskie”).Producent:ContimaxDystrybutor:Contimax SAPartyzantów 12C 32-700 BochniaImporter:Contimax SAPartyzantów 12C 32-700 Bochnia PLcontimax@contimax.plMetoda produkcji:Złowione w hodowliNazwa wymagana prawnie:Pstrąg łososiowy wędzony na zimno, plastry."}], "images": ["data/images/4f0dea0902707d241b0e13552115636b.jpg"], "absolute_path": "Mięso/Ryby/Ryby wędzone/Produkt 7"}
{"name": "Produkt 3", "url": "https://zakupy.biedronka.pl/donatello-donatello-pizza-z-kurczakiem-kurczak-grillowana-cebula-i-papryka-400-g-0000003683.html", "title": "Donatello Pizza z kurczakiem (kurczak, grillowana cebula i papryka) 400 g", "brand": "Donatello", "price": "12.79 PLN", "packaging_details": "0.4kg- 31,98 zł / kg", "description_sections": [{"header": "Opis produktu", "content": "QualityWypiekana w piecu kamiennymGwarancja jakościGwarancja jakości - więcej informacji na www.biedronka.pl"}, {"header": "Składniki i alergeny", "content": "Składniki:mąkapszenna,sermozzarella (22%), sos pomidorowy (17%) (pomidory, woda, sól, oregano, przyprawy), kurczak marynowany (11%) (pierś z kurczaka (97%), sól, przyprawy, skrobia ziemniaczana, dekstroza, zioła, cukier, aromat, ekstrakt przypraw, ekstrakt drożdżowy, woda), grillowana czerwona papryka (5%), grillowana cebula (2,5%), sól, olej słonecznikowy, drożdże, przyprawy,laktoza, mąka słodowa (zpszenicy).Alergeny:Mleko i produkty pochodne (łącznie z laktozą), \n\nZboża zawierajace gluten, \n\nPszenica i produkty z pszenicyInne informacje o zawartości produktu:Zawiera surowce GMO:Nie, \n\nZawiera aromaty:Tak"}, {"header": "Wartość odżywcza", "content": "W 100 gWartość energetyczna kcal223 kcalZawartość tłuszczów (ogólnie)7.2 gKwasy tłuszczowe nasycone4.1 gZawartość węglowodanów25.2 gCukry3.7 gZawartość błonnika1.6 gZawartość białek13.7 gZawartość soli1.4 g"}, {"header": "Przechowywanie i sposób przygotowania", "content": "Sposób przygotowania:Piekarnik"}, {"header": "Pozostałe informacje", "content": "Kraj pochodzenia:HiszpaniaKraj pochodzenia zależy od konkretnej partii produktu jaka znajduje się w sklepie. Informację o kraju pochodzenia znajdziesz na opakowaniu. Możesz również dodać komentarz z preferowanym typem produktu w koszyku lub wiadomości dla shoppera (np. “prosze o pomidory polskie”).Producent:Jeronimo Martins Polska S.A.Importer:Jeronimo Martins Polska S.A.Żniwna 5 62-025 Kostrzyn PLNazwa wymagana prawnie:Pizza z serem Mozzarella, kurczakiem, grillowaną papryką i cebulą. Produkt chłodzony."}], "images": ["data/images/c306326bb90e9def0f920318c3f83002.jpg"], "absolute_path": "Dania Gotowe/Dania obiadowe/Dania włoskie/Produkt 3"}
{"name": "Produkt 4", "url": "https://zakupy.biedronka.pl/donatello-donatello-pizza-kurczak-i-pieczarki-kurczak-grillowane-pieczarki-i-ser-mozzarella-600-g-0000007298.html", "title": "Donatello Pizza kurczak i pieczarki (kurczak, grillowane pieczarki i ser Mozzarella) 600 g", "brand": "Donatello", "price": "16.99 PLN", "packaging_details": "0.6kg- 28,32 zł / kg", "description_sections": [{"header": "Składniki i alergeny", "content": "Składniki:mąkapszenna,serMozzarella (15%), sos pomidorowy (pomidory, woda, sól, oregano, przyprawy), woda, kurczak marynowany (8,3%) (pierś z kurczaka (97%), sól, przyprawy, skrobia ziemniaczana, dekstroza, zioła, cukier, aromat, ekstrakt przypraw, drożdże suszone), grillowane pieczarki (6,7%) (pieczarki, olej słonecznikowy, sól, pieprz), kulki z topionegoseraMozzarella (5%) (serMozzarella, półtłustyserdojrzewający, woda,masło, skrobia modyfikowana, sóle emulgujące (cytrynian trisodowy, kwas cytrynowy)), olej słonecznikowy, sól, drożdże,laktoza, mąka słodowa (zpszenicy), przyprawy.Alergeny:Mleko i produkty pochodne (łącznie z laktozą), \n\nZboża zawierajace gluten, \n\nPszenica i produkty z pszenicyInne informacje o zawartości produktu:Zawiera surowce GMO:Nie, \n\nZawiera aromaty:Tak, \n\nDodatki zawarte w produkcie (E-symbole):E331(iii) Cytrynian trisodowy, E330 Kwas cytrynowy, \n\nFunkcje dodatków obecnych w produkcie (zadeklarowanych jako dodatki lub numery E):Sól emulgująca"}, {"header": "Wartość odżywcza", "content": "W 100 gWartość energetyczna kcal226 kcalZawartość tłuszczów (ogólnie)8.3 gKwasy tłuszczowe nasycone4.3 gZawartość węglowodanów25 gCukry2.2 gZawartość błonnika2.4 gZawartość białek11.6 gZawartość soli1.4 g"}, {"header": "Przechowywanie i sposób przygotowania", "content": "Sposób przygotowania:Piekarnik"}, {"header": "Pozostałe informacje", "content": "Kraj pochodzenia:HiszpaniaKraj pochodzenia zależy od konkretnej partii produktu jaka znajduje się w sklepie. Informację o kraju pochodzenia znajdziesz na opakowaniu. Możesz również dodać komentarz z preferowanym typem produktu w koszyku lub wiadomości dla shoppera (np. “prosze o pomidory polskie”).Producent:Jeronimo Martins Polska S.A.Importer:Jeronimo Martins Polska S.A.Żniwna 5 62-025 Kostrzyn PLNazwa wymagana prawnie:Pizza z kurczakiem, grillowanymi pieczarkami i serem Mozzarella. Produkt chłodzony."}], "images": ["data/images/de2eafaf1095c00f4c215ab65697270e.jpg"], "absolute_path": "Dania Gotowe/Dania obiadowe/Dania włoskie/Produkt 4"}
{"name": "Produkt 2", "url": "https://zakupy.biedronka.pl/donatello-donatello-pizza-4-sery-mozzarella-gouda-ser-poltlusty-twardy-dojrzewajacy-i-edam-390-g-0000004101.html", "title": "Donatello Pizza 4 sery (Mozzarella, Gouda, ser półtłusty twardy dojrzewający i Edam) 390 g", "brand": "Donatello", "price": "12.79 PLN", "packaging_details": "0.39kg- 32,79 zł / kg", "description_sections": [{"header": "Składniki i alergeny", "content": "Składniki:mąkapszenna,sermozzarella (24%), sos pomidorowy (16%) (pomidory, woda, sól, oregano, przyprawy), woda,sertwardy (7%),serGouda (5%),serEdam (2,5%), olej słonecznikowy, sól, przyprawy,laktoza, drożdże, mąka słodowa (zpszenicy).Alergeny:Mleko i produkty pochodne (łącznie z laktozą), \n\nZboża zawierajace gluten, \n\nPszenica i produkty z pszenicyInne informacje o zawartości produktu:Zawiera surowce GMO:Nie"}, {"header": "Wartość odżywcza", "content": "W 100 gWartość energetyczna kcal262 kcalZawartość tłuszczów (ogólnie)10.1 gKwasy tłuszczowe nasycone6.3 gZawartość węglowodanów27.6 gCukry3.1 gZawartość błonnika2.7 gZawartość białek13.9 gZawartość soli1.4 g"}, {"header": "Przechowywanie i sposób przygotowania", "content": "Sposób przygotowania:Piekarnik"}, {"header": "Pozostałe informacje", "content": "Kraj pochodzenia:HiszpaniaKraj pochodzenia zależy od konkretnej partii produktu jaka znajduje się w sklepie. Informację o kraju pochodzenia znajdziesz na opakowaniu. Możesz również dodać komentarz z preferowanym typem produktu w koszyku lub wiadomości dla shoppera (np. “prosze o pomidory polskie”).Producent:Jeronimo Martins Polska S.A.Importer:Jeronimo Martins Polska S.A.Żniwna 5 62-025 Kostrzyn PLNazwa wymagana prawnie:Pizza z serem Mozzarellą, serem twardym, Goudą i Edamem. Produkt chłodzony."}], "images": ["data/images/df3adb96286dcc19cb38a71a5fc84af3.jpg"], "absolute_path": "Dania Gotowe/Dania obiadowe/Dania włoskie/Produkt 2"}
{"name": "Produkt 1", "url": "https://zakupy.biedronka.pl/gusto-bello-gusto-bello-pinsa-230-g-0000014909.html", "title": "Gusto Bello Pinsa 230 g", "brand": "Gusto Bello", "price": "13.59 PLN", "packaging_details": "0.23kg- 59,09 zł / kg", "description_sections": [{"header": "Opis produktu", "content": "Pinsa to rzymska krewna pizzy i focaccii. Ręcznie formowana m.in. z 3 gatunków mąki, zakwasu pszennego i oliwy z oliwek, jest lekka w smaku, soczysta i krucha. Może być podawana zarówno w wersji wytrawnej jak i na słodko."}, {"header": "Składniki i alergeny", "content": "Składniki:mąkapszenna, woda, mąka ryżowa, mąka sojowa, sól jodowana, oliwa z oliwek ekstra virgin, suszony zakwaspszenny(1,4%), semolina ryżowa, naturalne aromaty, suszone drożdże piwne, substancja konserwująca: kwas sorbowy. Produkt może zawieraćgorczycęiłubin.Alergeny:Soja i produkty pochodne, \n\nZboża zawierajace gluten, \n\nPszenica i produkty z pszenicyInne informacje o zawartości produktu:Zawiera surowce GMO:Nie, \n\nZawiera aromaty:Tak, \n\nZawiera substancje konserwujące:Tak"}, {"header": "Wartość odżywcza", "content": "W 100 gWartość energetyczna kcal235 kcalZawartość tłuszczów (ogólnie)1.8 gKwasy tłuszczowe nasycone0.3 gZawartość węglowodanów46 gCukry1.1 gZawartość błonnika1.9 gZawartość białek7.3 gZawartość soli1.2 g"}, {"header": "Przechowywanie i sposób przygotowania", "content": "Sposób przygotowania:Piekarnik"}, {"header": "Pozostałe informacje", "content": "Kraj pochodzenia:WłochyKraj pochodzenia zależy od konkretnej partii produktu jaka znajduje się w sklepie. Informację o kraju pochodzenia znajdziesz na opakowaniu. Możesz również dodać komentarz z preferowanym typem produktu w koszyku lub wiadomości dla shoppera (np. “prosze o pomidory polskie”).Producent:PINSAMI S.r.l.Dystrybutor:Jeronimo Martins Polska S.A.Żniwna 5 62-025 KostrzynImporter:Jeronimo Martins Polska S.A.Żniwna 5 62-025 Kostrzyn PLNazwa wymagana prawnie:Pinsa, produkt piekarniczy. Produkt pakowany w atmosferze ochronnej. Wysokogatunkowa mieszanka mąk. Ciasto formowane ręcznie. Długi cykl wyrastania ciasta na zakwasie"}], "images": ["data/images/dbd274fe495864607bb1afac0725b42c.jpg", "data/images/19011bfae7152fd40d1ef9b7776c9c99.jpg"], "absolute_path": "Dania Gotowe/Dania obiadowe/Dania włoskie/Produkt 1"}
{"name": "Produkt 1", "url": "https://zakupy.biedronka.pl/nasze-smaki-nasze-smaki-pierogi-ruskie-z-cebulka-320-g-0000017673.html", "title": "Nasze Smaki Pierogi ruskie z cebulką 320 g", "brand": "Nasze Smaki", "price": "7.15 PLN", "packaging_details": "0.32kg- 22,34 zł / kg", "description_sections": [{"header": "Składniki i alergeny", "content": "Składniki:pierogi ruskie (mąkapszenna, ziemniaki gotowane 26%, woda,sertwarogowy 11%, cebula, olej rzepakowy, sól, smalec wieprzowy, ocet, pieprz), cebulka smażona 3,8% (cebula, olej rzepakowy). Produkt może zawierać:soję,seler,sezam,gorczycę,jaja.Alergeny:Mleko i produkty pochodne (łącznie z laktozą), \n\nZboża zawierajace gluten, \n\nPszenica i produkty z pszenicyInne informacje o zawartości produktu:Zawiera surowce GMO:Nie, \n\nZawiera substancje konserwujące:Nie"}, {"header": "Wartość odżywcza", "content": "W 100 gWartość energetyczna kcal175 kcalZawartość tłuszczów (ogólnie)4.6 gKwasy tłuszczowe nasycone0.7 gZawartość węglowodanów26 gCukry3.1 gZawartość błonnika1.7 gZawartość białek6.1 gZawartość soli1.3 g"}, {"header": "Przechowywanie i sposób przygotowania", "content": "Sposób przygotowania:Kuchenka mikrofalowa, PatelniaSposób podania:Gotowy do spożycia po odgrzaniu do temperatury minimum 80°C."}, {"header": "Pozostałe informacje", "content": "Producent:Jeronimo Martins Polska S.A.Importer:Jeronimo Martins Polska S.A.Żniwna 5 62-025 Kostrzyn PLNazwa wymagana prawnie:Pierogi ruskie ze smażoną cebulą. Produkt chłodzony."}], "images": ["data/images/a704d13420dd9328a0938b838fc4d7e5.jpg", "data/images/e9f0a5affb35a137d09a2f6ec2b79760.jpg", "data/images/3492301c1cf52d52dc85ea7106f6ab50.jpg"], "absolute_path": "Dania Gotowe/Dania obiadowe/Pierogi i kluski/Produkt 1"}
{"name": "Produkt 6", "url": "https://zakupy.biedronka.pl/gusto-bello-gusto-bello-pinsa-classica-260-g-0000015084.html", "title": "Gusto Bello Pinsa Classica 260 g", "brand": "Gusto Bello", "price": "13.49 PLN", "packaging_details": "0.26kg- 51,88 zł / kg", "description_sections": [{"header": "Opis produktu", "content": "Delikatne włoskie pieczywo, inspirowane rzymską recepturą, na naturalnym zakwasie."}, {"header": "Składniki i alergeny", "content": "Składniki:mąkapszenna, woda, mąkapszennazpszenicytwardej Durum wtórnie mielona, zakwas 5 % (mąkapszenna, woda), oliwa z oliwek najwyższej jakości z pierwszego tłoczenia 5 %, sól, słódjęczmienny, mąkapszennasłodowa, gluten (pszenny), drożdże. Może zawierać:mleko,soję,gorczycę,łubin.Alergeny:Zboża zawierajace gluten, \n\nPszenica i produkty z pszenicy, \n\nJęczmień i produkty jęczmienneInne informacje o zawartości produktu:Zawiera surowce GMO:Nie, \n\nZawiera substancje konserwujące:Nie"}, {"header": "Wartość odżywcza", "content": "W 100 gWartość energetyczna kcal261 kcalZawartość tłuszczów (ogólnie)5.6 gKwasy tłuszczowe nasycone1 gZawartość węglowodanów43 gCukry2.1 gZawartość błonnika3.4 gZawartość białek8 gZawartość soli1.7 g"}, {"header": "Przechowywanie i sposób przygotowania", "content": "Sposób przygotowania:Opiekanie"}, {"header": "Pozostałe informacje", "content": "Kraj pochodzenia:WłochyKraj pochodzenia zależy od konkretnej partii produktu jaka znajduje się w sklepie. Informację o kraju pochodzenia znajdziesz na opakowaniu. Możesz również dodać komentarz z preferowanym typem produktu w koszyku lub wiadomości dla shoppera (np. “prosze o pomidory polskie”).Dystrybutor:Jeronimo Martins Polska S.A.Żniwna 5 62-025 KostrzynNazwa wymagana prawnie:PINSA, PIECZYWO NA ZAKWASIE, PODPIECZONE, Z OLIWĄ Z OLIWEK NAJWYŻSZEJ JAKOŚCI Z PIERWSZEGO TŁOCZENIA (5 %) PRZEZNACZONA DO SPOŻYCIA PO ODPIEKU."}], "images": ["data/images/0754a5a41ee55cf73d6943b839469abd.jpg"], "absolute_path": "Dania Gotowe/Dania obiadowe/Dania włoskie/Produkt 6"}
{"name": "Produkt 9", "url": "https://zakupy.biedronka.pl/gusto-bello-gusto-bello-gnocchi-nadziewane-serem-gorgonzola-400-g-0000020528.html", "title": "Gusto Bello Gnocchi nadziewane serem gorgonzola 400 g", "brand": "Gusto Bello", "price": "8.89 PLN", "packaging_details": "0.4kg- 22,23 zł / kg", "description_sections": [{"header": "Składniki i alergeny", "content": "Składniki:Ciasto 80%: puree ziemniaczane (woda, płatki ziemniaczane, skrobia ziemniaczana), regulator kwasowości: kwas mlekowy, sól, substancja konserwująca: kwas sorbowy, naturalne aromaty, mąka ryżowa. Nadzienie 20%: pasteryzowanyserricotta (serwatka,mleko, sól, regulator kwasowości: kwas mlekowy),serGorgonzola ChNP 23% (mleko, bakterie fermentacji mlekowej, sól, podpuszczka, kultury pleśni gatunku Ponicilinum glaucum), mieszanka serów (edamski, cheddar, woda,masło, proteinymleczne,serGorgonzola ChNP, regulator kwasowości: kwas cytrynowy; sól, skrobia ziemniaczana( sól, regulator kwasowości: kwas mlekowy; substancja konserwująca: kwas sorbowy, aromat. Może zawierać siarczany.Alergeny:Mleko i produkty pochodne (łącznie z laktozą)Inne informacje o zawartości produktu:Zawiera surowce GMO:Nie, \n\nZawiera siarczyny:Tak, \n\nZawiera substancje konserwujące:Tak"}, {"header": "Wartość odżywcza", "content": "W 100 gWartość energetyczna kcal159 kcalZawartość tłuszczów (ogólnie)3.5 gKwasy tłuszczowe nasycone2.3 gZawartość węglowodanów26 gCukry0.4 gZawartość błonnika1.7 gZawartość białek4.5 gZawartość soli1.3 g"}, {"header": "Przechowywanie i sposób przygotowania", "content": "Sposób przygotowania:Do gotowania"}, {"header": "Pozostałe informacje", "content": "Kraj pochodzenia:WłochyKraj pochodzenia zależy od konkretnej partii produktu jaka znajduje się w sklepie. Informację o kraju pochodzenia znajdziesz na opakowaniu. Możesz również dodać komentarz z preferowanym typem produktu w koszyku lub wiadomości dla shoppera (np. “prosze o pomidory polskie”).Dystrybutor:Jeronimo Martins Polska S.A.Żniwna 5 62-025 Kostrzyn PLImporter:Jeronimo Martins Polska S.A.Żniwna 5 62-025 Kostrzyn PLNazwa wymagana prawnie:Gnocchi kopytka ziemniaczane nadziewane serem gorgonzola 4,6%. Produkt pasteryzowany."}], "images": ["data/images/2004b09adbd3d9b6f4bcdbb1b09e2376.jpg"], "absolute_path": "Dania Gotowe/Dania obiadowe/Dania włoskie/Produkt 9"}
{"name": "Produkt 5", "url": "https://zakupy.biedronka.pl/gusto-bello-gusto-bello-gnocchi-di-patate-500-g-0000006597.html", "title": "Gusto Bello Gnocchi di patate 500 g", "brand": "Gusto Bello", "price": "4.69 PLN", "packaging_details": "0.5kg- 9,38 zł / kg", "description_sections": [{"header": "Składniki i alergeny", "content": "Składniki:puree ziemniaczane 70% (woda, płatki ziemniaczane); mąkapszenna, aromaty naturalne, sól, regulator kwasowości: kwas mlekowy; substancja konserwująca: kwas sorbowy; mąka ryżowa. Produkt może zawierać:soję,gorczycęisiarczynyAlergeny:Zboża zawierajace gluten, \n\nPszenica i produkty z pszenicyInne informacje o zawartości produktu:Zawiera surowce GMO:Nie, \n\nZawiera aromaty:Tak, \n\nZawiera substancje konserwujące:Tak"}, {"header": "Wartość odżywcza", "content": "W 100 gWartość energetyczna kcal168 kcalZawartość tłuszczów (ogólnie)0.2 gKwasy tłuszczowe nasycone0.1 gZawartość węglowodanów36 gCukry0.2 gZawartość błonnika0.9 gZawartość białek4.4 gZawartość soli0.8 g"}, {"header": "Przechowywanie i sposób przygotowania", "content": "Sposób przygotowania:Garnek, Do gotowania"}, {"header": "Pozostałe informacje", "content": "Kraj pochodzenia:WłochyKraj pochodzenia zależy od konkretnej partii produktu jaka znajduje się w sklepie. Informację o kraju pochodzenia znajdziesz na opakowaniu. Możesz również dodać komentarz z preferowanym typem produktu w koszyku lub wiadomości dla shoppera (np. “prosze o pomidory polskie”).Dystrybutor:Jeronimo Martins Polska S.A.Żniwna 5 62-025 KostrzynNazwa wymagana prawnie:Gnocchi kopytka ziemniaczane. Produkt pasteryzowany"}], "images": ["data/images/a6393b7f5f4a63af25c232276d1ce6b3.jpg", "data/images/95fd8ffed64bedf816e1d26ecf2df5ec.jpg"], "absolute_path": "Dania Gotowe/Dania obiadowe/Dania włoskie/Produkt 5"}
{"name": "Produkt 8", "url": "https://zakupy.biedronka.pl/donatello-donatello-pizza-capriciosa-szynka-pieczarki-i-ser-mozzarella-400-g-0000007270.html", "title": "Donatello Pizza Capriciosa (szynka, pieczarki i ser Mozzarella) 400 g", "brand": "Donatello", "price": "12.79 PLN", "packaging_details": "0.4kg- 31,98 zł / kg", "description_sections": [{"header": "Składniki i alergeny", "content": "Składniki:mąkapszenna,serMozzarella (21%), szynka gotowana (15%) (mięso wieprzowe (80%), woda, sól, glukoza, stabilizatory (trifosforan pentasodowy, karagen), aromaty, przyprawy, przeciwutleniacz (askorbinian sodu), substancja konserwująca (azotyn sodu)), sos pomidorowy (pomidory, woda, sól, oregano, przyprawy), woda, grillowane pieczarki (7,5%) (pieczarki, olej słonecznikowy, sól, pieprz) olej słonecznikowy, sól, drożdże,laktoza, mąka słodowa (zpszenicy). Może zawierać:sojęigorczycę.Alergeny:Mleko i produkty pochodne (łącznie z laktozą), \n\nZboża zawierajace gluten, \n\nPszenica i produkty z pszenicyInne informacje o zawartości produktu:Zawiera surowce GMO:Nie, \n\nZawiera przeciwutleniacze:Tak, \n\nZawiera aromaty:Tak, \n\nZawiera substancje konserwujące:Tak"}, {"header": "Wartość odżywcza", "content": "W 100 gWartość energetyczna kcal219 kcalZawartość tłuszczów (ogólnie)7 gKwasy tłuszczowe nasycone3.5 gZawartość węglowodanów26 gCukry2.5 gZawartość błonnika1.6 gZawartość białek12.4 gZawartość soli1.7 g"}, {"header": "Przechowywanie i sposób przygotowania", "content": "Sposób przygotowania:Piekarnik"}, {"header": "Pozostałe informacje", "content": "Producent:Jeronimo Martins Polska S.A.Dystrybutor:Jeronimo Martins Polska S.A.Żniwna 5 62-025 Kostrzyn PLImporter:Jeronimo Martins Polska S.A.Żniwna 5 62-025 Kostrzyn PLbok@biedronka.plNazwa wymagana prawnie:Pizza z szynką, pieczarkami i serem Mozzarella. Produkt chłodzony. Pakowano w atmosferze ochronnej."}], "images": ["data/images/7b6b67d5d00589ded223bae8a1d0785c.jpg", "data/images/81f30c45030306ac838e550dee259fcb.jpg", "data/images/3b6105a94dd368ae8225f4cb026477fc.jpg", "data/images/8c74144d1f4d5d100b8048fc341ef4fd.jpg"], "absolute_path": "Dania Gotowe/Dania obiadowe/Dania włoskie/Produkt 8"}
{"name": "Produkt 7", "url": "https://zakupy.biedronka.pl/donatello-donatello-pizza-z-szynka-i-serem-mozzarella-i-szynka-600-g-0000003569.html", "title": "Donatello Pizza z szynką i serem, mozzarella i szynka 600 g", "brand": "Donatello", "price": "16.99 PLN", "packaging_details": "0.6kg- 28,32 zł / kg", "description_sections": [{"header": "Składniki i alergeny", "content": "Składniki:mąkapszenna,serMozzarella (20%), sos pomidorowy (pomidory, woda, sól, oregano i przyprawy), szynka (16%) (wieprzowina (80%), woda, sól, glukoza, stabilizatory (karagen, trifosforan pentasodowy), aromaty, przeciwutleniacz (askorbinian sodu), substancja konserwująca (azotyn sodu)), przyprawy, woda, olej słonecznikowy, sól, drożdże,laktoza, mąka słodowa (zpszenicy).Alergeny:Mleko i produkty pochodne (łącznie z laktozą), \n\nZboża zawierajace gluten, \n\nPszenica i produkty z pszenicyInne informacje o zawartości produktu:Zawiera surowce GMO:Nie, \n\nZawiera przeciwutleniacze:Tak, \n\nZawiera aromaty:Tak, \n\nZawiera substancje konserwujące:Tak"}, {"header": "Wartość odżywcza", "content": "W 100 gWartość energetyczna kcal224 kcalZawartość tłuszczów (ogólnie)7.5 gKwasy tłuszczowe nasycone3.4 gZawartość węglowodanów25.2 gCukry1.6 gZawartość błonnika2.2 gZawartość białek14 gZawartość soli1.5 g"}, {"header": "Przechowywanie i sposób przygotowania", "content": "Sposób przygotowania:Piekarnik"}, {"header": "Pozostałe informacje", "content": "Producent:Casa Tarradellas S.A.Dystrybutor:Jeronimo Martins Polska S.A.Żniwna 5 62-025 KostrzynImporter:Jeronimo Martins Polska S.A.Żniwna 5 62-025 Kostrzyn PLNazwa wymagana prawnie:Pizza Rodzinna z szynka i serem. Produkt chłodzony."}], "images": ["data/images/2bc069062bc821632d09d9a085804a52.jpg", "data/images/5aa70514c3f62de9b23b2bbcd95d936f.jpg", "data/images/20aa87d6d925453ad9cad7d2c971be91.jpg", "data/images/394ef049951cb749c0d7e5b2f13d9700.jpg"], "absolute_path": "Dania Gotowe/Dania obiadowe/Dania włoskie/Produkt 7"}
{"name": "Produkt 11", "url": "https://zakupy.biedronka.pl/donatello-donatello-pizza-4-sery-bezglutenowa-i-bez-laktozy-mozzarella-ser-poltlusty-dojrzewajacy-cheddar-i-emmental-410-g-0000010268.html", "title": "Donatello Pizza 4 sery bezglutenowa i bez laktozy (Mozzarella, ser półtłusty dojrzewający, Cheddar i Emmental) 410 g", "brand": "Donatello", "price": "15.49 PLN", "packaging_details": "0.41kg- 37,78 zł / kg", "description_sections": [{"header": "Składniki i alergeny", "content": "Składniki:sery(42%) (serMozzarella (29%),serpółtłusty dojrzewający (4,7%),serCheddar (47%),serEmmental (3,5%)), skrobiapszenna(bezglutenowa), sos pomidorowy (pomidor, woda, cukier, mąka kukurydziana, sól, oregano, przyprawy), woda, olej słonecznikowy, dekstroza, mąka kukurydziana, sól, drożdże, błonnik pokarmowy (Psyllium), cukier, przyprawy, stabilizatory (guma guar, hydroksypropylometyloceluloza, mono- lub diglicerydy kwasów tłuszczowych). Zawartośćlaktozy<0,01g/100g. Może zawieraćsezamigorczycę."}, {"header": "Pozostałe informacje", "content": "Kraj pochodzenia:HiszpaniaKraj pochodzenia zależy od konkretnej partii produktu jaka znajduje się w sklepie. Informację o kraju pochodzenia znajdziesz na opakowaniu. Możesz również dodać komentarz z preferowanym typem produktu w koszyku lub wiadomości dla shoppera (np. “prosze o pomidory polskie”).Nazwa wymagana prawnie:Pizza bezglutenowa z serem Mozzarella, serem półtłustym dojrzewającym, serem Cheddar i serem Emmental. Produkt nie zawiera laktozy."}], "images": ["data/images/fa60bd5d6cb16138ef363ca5a84bace4.jpg"], "absolute_path": "Dania Gotowe/Dania obiadowe/Dania włoskie/Produkt 11"}
{"name": "Produkt 1", "url": "https://zakupy.biedronka.pl/eatyx--eatyx-hyperfood-bezlaktozowy-posilek-czekolada-300-ml-0000023649.html", "title": "Eatyx Hyperfood Bezlaktozowy posiłek czekolada 300 ml", "brand": "Eatyx", "price": "15.99 PLN", "packaging_details": "300ml- 0,05 zł / ml", "description_sections": [{"header": "Opis produktu", "content": "Licz kalorie dbaj o ciało.Kluczem do skutecznej kontroli wagi i odchudzania jest liczenie kalorii w codziennej diecie. Bądź świadomy tego co jesz i ciesz się z rezultatów!Subrand:Hyperfood"}, {"header": "Składniki i alergeny", "content": "Składniki:woda,maltodekstryna,białkamlekabezlaktozy(białkamleka, laktaza),olej słonecznikowy,1,5 % kakao w proszku,inuliņa,białkamleka,aromat,stabilizatory: fosforan sodu, węglan sodu, guma gellan, karagen,mieszanka minerałów (chlorek potasu, wodorowęglan magnezu, siarczan cynku, siarczan miedzi, siarczan manganu, mleczan żelaza, jodek potasu, selenian sodu, chlorek-(III)-chromu, molibdenian sodu),przeciwutleniacz: kwas askorbinowy,mieszanka witamin (witamina E, niacyna, witamina A, kwas pantotenowy, ryboflawina, kwas foliowy, witamina D, witamina K, tiamina, witamina B6, biotyna, witamina B12),emulgator: mono- i diglicerydy kwasów tłuszczowych,aromat naturalny,substancja słodząca: sukralozaAlergeny:Nie zawiera Zboża zawierające gluten, \n\nZawiera MlekoInne informacje o zawartości produktu:Przeciwutleniacze:Zawiera, \n\nSmaki / Aromaty:Zawiera, \n\nSubstancje słodzące:Zawiera"}, {"header": "Wartość odżywcza", "content": "W 100 mlWartość energetyczna101 kcalTłuszcz3 gw tym kwasy tłuszczowe nasycone0.5 gWęglowodany10 gw tym cukry0.8 gBłonnik2.1 gBiałko7.2 gSól0.14 gWitaminy i składniki mineralnew 100  ml% RWS w 100  mlBiotyna2.8 µg17%Chrom2.2 µg17%Cynk1.2 mg36%Fosfor150 mg64%Kwas foliowy15.4 µg23%Magnez24 mg19%Mangan0.12 mg18%Miedź0.05 mg15%Molibden4.5 µg27%Niacyna (B3)0.99 mg19%Potas110 mg17%Ryboflawina (B2)0.19 mg41%Selen3.1 µg17%Wapń190 mg71%Witamina B120.2 µg24%Witamina D0.29 µg17%Witamina E0.63 mg16%Żelazo1.2 mg26%"}, {"header": "Przechowywanie i sposób przygotowania", "content": "Sposób podania:Wstrząsnąć przed spożyciem.Najlepiej smakuje schłodzone."}, {"header": "Pozostałe informacje", "content": "Nazwa wymagana prawnie:Bezlaktozowy posiłek o smaku czekoladowym na bazie białek mleka z dodatkiem witamin i minerałów. Zawiera substancję słodzącą. UHT."}], "images": ["data/images/47dc2b85aca21d04868074c29b7b46aa.jpg"], "absolute_path": "Dania Gotowe/Dania obiadowe/Hyperfood/Produkt 1"}
{"name": "Produkt 2", "url": "https://zakupy.biedronka.pl/eatyx-eatyx-pelnowartosciowy-posilek-w-formie-batona-z-nadzieniem-karmelowym-i-ciemna-czekolada-60-g-0000023589.html", "title": "Eatyx Pełnowartościowy posiłek w formie batona z nadzieniem karmelowym i ciemną czekoladą 60 g", "brand": "Eatyx", "price": "14.99 PLN", "packaging_details": "60g- 0,25 zł / g", "description_sections": [{"header": "Opis produktu", "content": "Praktyczny, bezglutenowy posiłek dla aktywnych osób, zapewniający pełnowartościowy skład i wyjątkowy smak karmelu w ciemnej czekoladzie. Zawiera niezbędne składniki odżywcze oraz aż 3 100 mg kolagenu. Idealny np. na szybkie śniadanie, jako pożywna przekąska w ciągu dnia lub w podróży."}, {"header": "Składniki i alergeny", "content": "Składniki:białkamleka[białkamleka, emulgator: lecytyny (zsoi)], ciemna czekolada: masa kakaowa minimum 52% [substancja słodzaca: maltitol; miazga kakaowa, tłuszcz kakaowy, emulgator: lecytyny (zsoi), aromat] (18,5%), nadzienie o smaku karmelowym [substancja słodzaca: syrop sorbitolowy, maltodekstryna, tłuszcz kokosowy, substancja utrzymujaca wilgoc: glicerol, odtłuszczonemlekow proszku, aromat naturalny, odtłuszczone kakao w proszku, sól, emulgator: lecytynysojowei regulator kwasowosci: kwas cytrynowy] [14 %], substancja utrzymujaca wilgoc, syrop maltitalowy, roztwór peptydów kolagenu wołowego [9%], prazoneorzechy(14,7%), mieszanka składników mineralnych (cytrynian potasu, sole wapniowe kwasu ortofosforowego, cytrynian sodu, tlenek magnezu, fumaran zelaza (II), siarczan cynku, siarczan manganu, siarczan miedzi (III), jodek potasu, selenian sodu), substancja utrzymujaca wilgoc: syrop sorbitolowy; kakao w proszku, substancja utrzymujaca wilgoc: maltitol; izolat białkasojowego, mieszanka witaminowa (maltodekstryna, witamina C, witamina E, niacyna, kwas pantotenowy, witamina A, witamina D, witamina B6, witamina K, ryboflawina, tiamina, kwas foliowy, biotyna, witamina B12), sól, emulgator: lecytynysojowe; aromat. Moze zawierac sladowe iloscijaj,orzechów,siarczynów, nasion\\sezamui/lub ich produktów pochodnych. **Bez dodatku cukru. Zawiera naturalnie wystepujace cukry. Spozycie w nadmiernych ilosciach moze mieć efekt przeczyszczajacy"}, {"header": "Pozostałe informacje", "content": "Kraj pochodzenia:PolskaKraj pochodzenia zależy od konkretnej partii produktu jaka znajduje się w sklepie. Informację o kraju pochodzenia znajdziesz na opakowaniu. Możesz również dodać komentarz z preferowanym typem produktu w koszyku lub wiadomości dla shoppera (np. “prosze o pomidory polskie”).Nazwa wymagana prawnie:Pełnowartościowy posiłek w formie batona proteinowego z nadzieniem karmelowym i ciemną czekoladą zawiera substancje słodzące."}], "images": ["data/images/ac6e616523f72d67c7c0774dedb85d03.jpg"], "absolute_path": "Dania Gotowe/Dania obiadowe/Hyperfood/Produkt 2"}
{"name": "Produkt 10", "url": "https://zakupy.biedronka.pl/gusto-bello-gusto-bello-spody-do-pizzy-na-bazie-maki-pszennej-280-g-0000007161.html", "title": "Gusto Bello Spody do pizzy na bazie mąki pszennej 280 g", "brand": "Gusto Bello", "price": "6.29 PLN", "packaging_details": "0.28kg- 22,46 zł / kg", "description_sections": [{"header": "Opis produktu", "content": "Tylko 5 naturalnych składników, z oliwą z oliwek extra virgin. Na patelni gotowe w 5 minut."}, {"header": "Składniki i alergeny", "content": "Składniki:mąkapszenna(61%), woda, oliwa z oliwek ekstra virgin (7%), sól, drożdże. Może zawieraćgorczycęisojęAlergeny:Zboża zawierajace gluten, \n\nPszenica i produkty z pszenicyInne informacje o zawartości produktu:Zawiera surowce GMO:Nie"}, {"header": "Wartość odżywcza", "content": "W 100 gWartość energetyczna kcal298 kcalZawartość tłuszczów (ogólnie)6.9 gKwasy tłuszczowe nasycone1 gZawartość węglowodanów49 gCukry1 gZawartość błonnika3.1 gZawartość białek8.3 gZawartość soli1.7 g"}, {"header": "Przechowywanie i sposób przygotowania", "content": "Sposób przygotowania:Patelnia"}, {"header": "Pozostałe informacje", "content": "Kraj pochodzenia:WłochyKraj pochodzenia zależy od konkretnej partii produktu jaka znajduje się w sklepie. Informację o kraju pochodzenia znajdziesz na opakowaniu. Możesz również dodać komentarz z preferowanym typem produktu w koszyku lub wiadomości dla shoppera (np. “prosze o pomidory polskie”).Producent:Jeronimo Martins Polska S.A.Dystrybutor:Jeronimo Martins Polska S.A.Żniwna 5 62-025 KostrzynImporter:Jeronimo Martins Polska S.A.Żniwna 5 62-025 Kostrzyn PLNazwa wymagana prawnie:Spody do pizzy na bazie mąki pszennej"}], "images": ["data/images/f1f586d6dd1953d10e7fc94983bdbac6.jpg", "data/images/0ac453b890e45f090504ca5fe06e5905.jpg"], "absolute_path": "Dania Gotowe/Dania obiadowe/Dania włoskie/Produkt 10"}
{"name": "Produkt 3", "url": "https://zakupy.biedronka.pl/eatyx-eatyx-pelnowartosciowy-posilek-w-formie-batona-o-smaku-ciasta-marchewkowego-60-g-0000023593.html", "title": "Eatyx Pełnowartościowy posiłek w formie batona o smaku ciasta marchewkowego 60 g", "brand": "Eatyx", "price": "14.99 PLN", "packaging_details": "60g- 0,25 zł / g", "description_sections": [{"header": "Opis produktu", "content": "Praktyczny, bezglutenowy posiłek dla aktywnych osób, zapewniający pełnowartościowy skład i wyjątkowy smak ciasta marchewkowego. Zawiera niezbędne składniki odżywcze oraz aż 5 600 mg kolagenu. Idealny np. na szybkie śniadanie, jako pożywna przekąska w ciągu dnia lub w podróży."}, {"header": "Składniki i alergeny", "content": "Składniki:białkamleka[białkamleka, emulgator: lecytyny (zsoi), biała czekolada (substancja słodzaca: maltitol; tłuszcz kakaowy,mlekopełne w proszku, emulgator: lecytyny (zsoi); substancja słodzaca: acesulfam K; aromat] (16%); roztwór peptydów kolagenu wołowego [15%], nadzienie o smaku karmelowym [substancja słodzaca: syrop sorbitolowy, maltodekstryna, tłuszcz kokosowy, substancja utrzymujaca wilgoc: glicerol, odtłuszczonemlekow proszku, aromat naturalny, kakao w proszku odtłuszczone, sól, emulgator: lecytynysojowe, regulator kwasowosci: kwas cytrynowy] (15%), substancja utrzymujaca wilgoc: syrop maltitolowy; prazonemigdały, mieszanka składników mineralnych (cytrynian potasu, sole wapniowe kwasu ortofosforowego, cytrynian sodu, tlenek magnezu, fumaran zelaza (II), siarczan cynku, siarczan manganu, siarczan miedzi (II), jodek potasu, selenian sodu), substancja utrzymujaca wilgoc: syrop sorbitolowy; marchew w proszku, cynamon, izolat białkasojowego, aromat, substancja utrzymujaca wilgoc: maltitol; mieszanka witaminowa (maltodekstryna, witamina C, witamina E, niacyna, kwas pantotenowy, witamina A, witamina D, witamina B6, witamina K, ryboflawina, tiamina, kwas foliowy, biotyna, witamina B12). Moze zawierac sladowe iloscijaj,orzechówziemnych, innychorzechów,siarczynów, nasionsezamui/lub ich produktów pochodnych. **Bez dodatku cukru. Zawiera naturalniewystepujace cukry. Spozycie w nadmiernych ilosciach moze mieć efekt przeczyszczajacy.Alergeny:Dwutlenek siarki i siarczyny, \n\nNasiona sezamu i produkty pochodne, \n\nMleko i produkty pochodne (łącznie z laktozą), \n\nSoja i produkty pochodne, \n\nJaja i produkty pochodne, \n\nZboża zawierajace gluten, \n\nOrzeszki ziemne (arachidowe) i produkty pochodne, \n\nOrzechy, \n\nMigdały i produkty z migdałami, \n\nOrzeszki piniowe i produkty z orzeszkami piniowymiInne informacje o zawartości produktu:Zawiera surowce GMO:Nie, \n\nInformacje szczegółowe dotyczące środków słodzących:zawiera cukier (cukry) i substancję słodzącą, \n\nZawiera aromaty:Tak"}, {"header": "Wartość odżywcza", "content": "W 100 gWartość energetyczna kcal383 kcalZawartość tłuszczów (ogólnie)16.2 gKwasy tłuszczowe nasycone8.5 gZawartość węglowodanów34.9 gCukry3.3 gZawartość błonnika2.1 gZawartość białek31.9 gZawartość soli0.62 gWitaminy i składniki mineralnew 100 g% RWS w 100 gBiotyna (witamina B7)12.5 μg25%Cynk2.5 mg25%Fosfor175.5 mg25%Jod37.6 mg25%Kwas foliowy (witamina B9)50 μg25%Kwas pantotenowy (witamina B5)1.5 mg25%Magnez94.1 mg25%Mangan0.5 mg25%Miedź0.25 mg25%Niacyna (witamina B3, PP)4 mg25%Pirydoksyna (witamina B6)0.4 mg25%Potas417.8 mg21%Ryboflawina (witamina B2)0.4 mg25%Selen13.9 μg25%Tiamina (witamina B1)0.3 mg25%Wapń224 mg28%Witamina A200 μg25%Witamina B120.6 μg25%Witamina C20 mg25%Witamina D1.3 μg25%Witamina E3 mg25%Witamina K19.2 μg26%Żelazo3.5 mg25%"}, {"header": "Pozostałe informacje", "content": "Kraj pochodzenia:PolskaKraj pochodzenia zależy od konkretnej partii produktu jaka znajduje się w sklepie. Informację o kraju pochodzenia znajdziesz na opakowaniu. Możesz również dodać komentarz z preferowanym typem produktu w koszyku lub wiadomości dla shoppera (np. “prosze o pomidory polskie”).Importer:OSHEE POLSKA SP. Z O.O.ALEJA 3 MAJA 9 30-062 KRAKÓW PLsekretariat@oshee.euNazwa wymagana prawnie:Pełnowartościowy posiłek w formie batona proteinowego w białej czekoladzie o smaku ciasta marchewkowego. Zawiera substancje słodzące."}], "images": ["data/images/4f593a168b1f479e2f8dcb92a0c884a6.jpg"], "absolute_path": "Dania Gotowe/Dania obiadowe/Hyperfood/Produkt 3"}
{"name": "Produkt 5", "url": "https://zakupy.biedronka.pl/eatyx-eatyx-hyperfood-posilek-kawa-300-ml-0000023648.html", "title": "Eatyx Hyperfood Posiłek kawa 300 ml", "brand": "Eatyx", "price": "15.99 PLN", "packaging_details": "300ml- 0,05 zł / ml", "description_sections": [{"header": "Opis produktu", "content": "Licz kalorie, dbaj o ciało.Kluczem do skutecznej kontroli wagi i odchudzania jest liczenie kalorii w codziennej diecie. Bądź świadomy tego co jesz i ciesz się z rezultatów!Bez dodatku cukru. Zawiera naturalnie występujące cukry.Subrand:Hyperfood"}, {"header": "Składniki i alergeny", "content": "Składniki:woda,maltodekstryna,białkamleka,olej słonecznikowy,inulina,ekstrakt kawy (0,21 %),aromat naturalny,stabilizatory: fosforany sodu, węglan sodu, guma gellan, karagen,mieszanka składników mineralnych (chlorek potasu, wodorotlenek magnezu, siarczan cynku, siarczan miedzi, siarczan manganu, mleczan żelezawy, jodek potasu, selenian sodu, chlorek-(III)-chromu, molibden sodu),aromat,emulgator: mono-i diglicerydy kwasów tłuszczowych,mieszanka witamin (witamina C, witamina E, niacyna, witamina A, kwas pantotenowy, ryboflawina, kwas foliowy, witamina D, witamina K, witamina B1, witamina B6, biotyna),substancja słodząca: sukralozaAlergeny:Zawiera MlekoInne informacje o zawartości produktu:Smaki / Aromaty:Zawiera, \n\nSubstancje słodzące:Zawiera"}, {"header": "Wartość odżywcza", "content": "W 100 mlWartość energetyczna100 kcalTłuszcz2.7 gw tym kwasy tłuszczowe nasycone0.3 gWęglowodany11 gw tym cukry1.2 gBłonnik1.8 gBiałko6.9 gSól0.14 gWitaminy i składniki mineralnew 100  ml% RWS w 100  mlBiotyna2.9 µg17%Chrom2.2 µg17%Fosfor110 mg47%Kwas foliowy14.2 µg21%Mangan0.12 mg18%Molibden4.4 µg26%Niacyna (B3)0.9 mg17%Ryboflawina (B2)0.2 mg43%Selen3.1 µg17%Wapń190 mg71%Witamina B120.6 µg72%Witamina D0.27 µg16%"}, {"header": "Przechowywanie i sposób przygotowania", "content": "Sposób podania:Wstrząsnąć przed spożyciem.Najlepiej smakuje schłodzone."}, {"header": "Pozostałe informacje", "content": "Nazwa wymagana prawnie:Posiłek o smaku kawowym na bazie białek mleka z dodatkiem witamin i minerałów. Zawiera substancję słodzącą. UHT."}], "images": ["data/images/1d33629c5c188fc5fc4b745ddac1e7ff.jpg"], "absolute_path": "Dania Gotowe/Dania obiadowe/Hyperfood/Produkt 5"}
{"name": "Produkt 6", "url": "https://zakupy.biedronka.pl/eatyx-eatyx-hyperfood-bezlaktozowy-posilek-mango-300-ml-0000023581.html", "title": "Eatyx Hyperfood Bezlaktozowy posiłek mango 300 ml", "brand": "Eatyx", "price": "15.99 PLN", "packaging_details": "300ml- 0,05 zł / ml", "description_sections": [{"header": "Opis produktu", "content": "Licz kalorie, dbaj o ciało.Kluczem do skutecznej kontroli wagi i odchudzania jest liczenie kalorii w codziennej diecie. Bądź świadomy tego co jesz i ciesz się z rezultatów!Subrand:Hyperfood"}, {"header": "Składniki i alergeny", "content": "Składniki:woda,maltodekstryna,białkamlekabezlaktozy(białkamleka, laktaza),olej słonecznikowy,inulina,białkamleka,aromat,stabilizatory: fosforan sodu, guma gellan, karagen,chlorek potasu,mieszanka minerałów [wodorowęglan magnezu, siarczan cynku, siarczan miedzi, siarczan manganu, mleczan żelaza, jodek potasu, selenian sodu, chlorek-[II]-chromu, molibdenian sodu],0,1 % soku z mango,barwnik: karoteny,emulgator: mono- i diglicerydy kwasów tłuszczowych,przeciwutleniacz: kwas askorbinowy,mieszanka witamin [witamina E, niacyna, witamina A, kwas pantotenowy, ryboflawina, kwas foliowy, witamina D, witamina K, tiamina, witamina B6, biotyna, witamina B12],aromat naturalny,substancja słodząca,sukralozaAlergeny:Nie zawiera Zboża zawierające gluten, \n\nZawiera MlekoInne informacje o zawartości produktu:Przeciwutleniacze:Zawiera, \n\nBarwniki:Zawiera, \n\nSmaki / Aromaty:Zawiera, \n\nSubstancje słodzące:Zawiera"}, {"header": "Wartość odżywcza", "content": "W 100 mlWartość energetyczna101 kcalTłuszcz2.8 gw tym kwasy tłuszczowe nasycone0.3 gWęglowodany11 gw tym cukry1 gBłonnik1.8 gBiałko6.9 gSól0.16 gWitaminy i składniki mineralnew 100  ml% RWS w 100  mlBiotyna2.8 µg17%Chrom2.2 µg17%Cynk1.1 mg33%Fosfor130 mg56%Kwas foliowy15.3 µg23%Mangan0.12 mg18%Molibden4.4 µg26%Niacyna (B3)0.83 mg16%Ryboflawina (B2)0.18 mg39%Selen3.1 µg17%Wapń190 mg71%Witamina B120.2 µg24%Witamina D0.29 µg17%Witamina E0.6 mg17%"}, {"header": "Przechowywanie i sposób przygotowania", "content": "Sposób podania:Wstrząsnąć przed spożyciem.Najlepiej smakuje schłodzone."}, {"header": "Pozostałe informacje", "content": "Nazwa wymagana prawnie:Bezlaktozowy posiłek o smaku mango na bazie białek mleka z dodatkiem witamin i minerałów. Zawiera substancję słodzącą. UHT."}], "images": ["data/images/7421bb33644a36f33b8166b0298b3a9e.jpg"], "absolute_path": "Dania Gotowe/Dania obiadowe/Hyperfood/Produkt 6"}
{"name": "Produkt 8", "url": "https://zakupy.biedronka.pl/eatyx-eatyx-hyperfood-bezlaktozowy-pelnowartosciowy-posilek-slony-karmel-500-ml-0000023582.html", "title": "Eatyx Hyperfood Bezlaktozowy pełnowartościowy posiłek słony karmel 500 ml", "brand": "Eatyx", "price": "19.99 PLN", "packaging_details": "500ml- 0,04 zł / ml", "description_sections": [{"header": "Opis produktu", "content": "Pełnowartościowy posiłek zastępuje dowolny posiłek w ciągu dnia, sytość do 5 godzin!głodny?bez laktozybez glutenu23 witaminy i minerały34 g białka w porcjiCzy wiesz, że...kluczem do skutecznej kontroli wagi i odchudzania jest liczenie kalorii w codziennej diecie? Bądź świadomy tego, co jesz i ciesz się z rezultatów!Subrand:Hyperfood"}, {"header": "Składniki i alergeny", "content": "Składniki:woda,maltodekstryna,białkamlekabezlaktozy(białkamleka, laktaza)Najlepiej smakuje schłodzone.,olej słonecznikowy,inulina,białkamleka,aromat,stabilizatory: fosforan sodu, węglan sodu, guma gellan, karagen,aromat,chlorek potasu,mieszanka minerałów (wodorowęglan magnezu, siarczan cynku, siarczan miedzi, siarczan manganu, mleczan żelaza, jodek potasu, selenian sodu, chlorek-(III)-chromu, molibdenian sodu),sól,barwnik: karmel amoniakalno-siarczynowy,emulgator: mono- i diglicerydy kwasów tłuszczowych,przeciwutleniacz: kwas askorbinowy,mieszanka witamin (witamina E, niacyna, witamina A, kwas pantotenowy, ryboflawina, kwas foliowy, witamina D, witamina K, tiamina, witamina B6, biotyna, witamina B12),substancja słodząca: sukralożaAlergeny:Nie zawiera Zboża zawierające gluten, \n\nZawiera MlekoInne informacje o zawartości produktu:Przeciwutleniacze:Zawiera, \n\nBarwniki:Zawiera, \n\nSmaki / Aromaty:Zawiera, \n\nSubstancje słodzące:Zawiera"}, {"header": "Wartość odżywcza", "content": "W 100 mlWartość energetyczna100 kcalTłuszcz2.8 gw tym kwasy tłuszczowe nasycone0.3 gWęglowodany11 gw tym cukry0.9 gBłonnik1.8 gBiałko6.8 gSól0.26 gWitaminy i składniki mineralnew 100  ml% RWS w 100  mlBiotyna2.8 µg28%Chrom2.2 µg28%Cynk1.1 mg55%Fosfor130 mg93%Jod6.3 µg21%Kwas foliowy15.3 µg38%Kwas pantotenowy0.23 mg19%Magnez15 mg20%Mangan0.12 mg30%Miedź0.05 mg25%Molibden4.4 µg44%Niacyna (B3)0.83 mg26%Ryboflawina (B2)0.18 mg64%Selen3.1 µg28%Tiamina (B1)0.05 mg20%Wapń190 mg119%Witamina B120.2 µg40%Witamina B60.05 mg16%Witamina D0.29 µg29%Witamina E0.56 mg23%Witamina K3.7 µg25%Żelazo0.52 mg19%"}, {"header": "Przechowywanie i sposób przygotowania", "content": "Sposób podania:Wstrząsnąć przed spożyciem.Najlepiej smakuje schłodzone."}, {"header": "Pozostałe informacje", "content": "Nazwa wymagana prawnie:Bezlaktozowy pełnowartościowy posiłek o smaku słonego karmelu na bazie białek mleka. Zawiera substancję słodzącą. UHT."}], "images": ["data/images/aa0576e893ad1154edc52c1fa86ccd7e.jpg"], "absolute_path": "Dania Gotowe/Dania obiadowe/Hyperfood/Produkt 8"}
{"name": "Produkt 4", "url": "https://zakupy.biedronka.pl/eatyx-eatyx-hyperfood-pelnowartosciowy-posilek-wanilia-500-ml-0000023651.html", "title": "Eatyx Hyperfood Pełnowartościowy posiłek wanilia 500 ml", "brand": "Eatyx", "price": "19.99 PLN", "packaging_details": "500ml- 0,04 zł / ml", "description_sections": [{"header": "Opis produktu", "content": "Pełnowartościowy posiłek zastępuje dowolny posiłek w ciągu dnia, sytość do 5 godzin!bez konserwantówgłodny?24 witaminy i minerały21 g białka w porcji67 % niższy ślad węglowy*bez laktozyBez dodatku cukru. Zawiera naturalnie występujące cukry.*kotlet schabowy w panierce (70 g), gotowane ziemniaki (70 g), marchewka z groszkiem konserwowym (2 łyżki stołowe - ok. 30 g) z dodatkiem masła (łyżeczka - ok. 5 g).Subrand:Hyperfood"}, {"header": "Składniki i alergeny", "content": "Składniki:woda,białko grochu,maltodekstryna,olej rzepakowy,mąka z ciecierzycy wzbogacona w białko,aromat naturalny,błonnikowsiany,mieszanka składników mineralnych (węglan wapnia, chlorek potasu, węglan wodorotlenku magnezu, siarczan cynku, mleczan żelazawy, siarczan miedzi, siarczan manganu, jodek potasu, selenian sodu, chlorek chromu, molibdenian sodu),stabilizatory: guma gellan, fosforany sodu,mlekokokosowe w proszku (mlekokokosowe, maltodekstryna),mieszanka witamin (witamina E, niacyna, witamina A, kwas pantotenowy, ryboflawina, witamina B6, kwas foliowy, witamina D, witamina B1, witamina K, witamina B2, biotyna, witamina B12),przeciwutleniacz: kwas askorbinowy,substancja słodząca: sukralozaAlergeny:Zawiera OwiesInne informacje o zawartości produktu:Przeciwutleniacze:Zawiera, \n\nSmaki / Aromaty:Zawiera, \n\nSubstancje słodzące:Zawiera"}, {"header": "Wartość odżywcza", "content": "W 100 mlWartość energetyczna68 kcalTłuszcz3.8 gw tym kwasy tłuszczowe nasycone0.3 gWęglowodany3.5 gw tym cukry0.5 gBłonnik1.2 gBiałko4.2 gSól0.2 gWitaminy i składniki mineralnew 100  ml% RWS w 100  mlBiotyna2.6 µg26%Chlorek32 mg20%Chrom2.6 µg33%Cynk0.48 mg24%Fosfor49 mg35%Jod6.1 µg20%Kwas foliowy9.95 µg25%Kwas pantotenowy0.21 mg18%Magnez18 mg24%Mangan0.12 mg30%Miedź0.06 mg31%Molibden5.1 µg51%Niacyna (B3)2 mg63%Ryboflawina (B2)0.25 mg89%Selen3.6 µg33%Tiamina (B1)0.1 mg43%Wapń42 mg26%Witamina A45.7 µg29%Witamina B120.21 µg42%Witamina B60.14 mg50%Witamina D0.59 µg59%Witamina E1.5 mg63%Witamina K8.1 µg54%Żelazo0.9 mg32%"}, {"header": "Przechowywanie i sposób przygotowania", "content": "Sposób podania:Wstrząsnąć przed spożyciem.Najlepiej smakuje schłodzony."}, {"header": "Pozostałe informacje", "content": "Nazwa wymagana prawnie:Wegański pełnowartościowy posiłek gotowy do spożycia o smaku waniliowym. Zawiera substancję słodzącą."}], "images": ["data/images/4da95480f4d539f4959b991d508ab8e9.jpg"], "absolute_path": "Dania Gotowe/Dania obiadowe/Hyperfood/Produkt 4"}
{"name": "Produkt 7", "url": "https://zakupy.biedronka.pl/eatyx-eatyx-pelnowartosciowy-posilek-w-formie-batona-o-smaku-czekoladowym-60-g-0000023590.html", "title": "Eatyx Pełnowartościowy posiłek w formie batona o smaku czekoladowym 60 g", "brand": "Eatyx", "price": "14.99 PLN", "packaging_details": "60g- 0,25 zł / g", "description_sections": [{"header": "Opis produktu", "content": "Pełnowartościowy, wegański i bezglutenowy posiłek w formie batona o smaku czekoladowym. Doskonały zamiennik tradycyjnych posiłków, który wspomoże w utrzymaniu wymarzonej sylwetki i kontroli wagi. Stanowi cenne źródło białka, błonnika, trzynastu witamin i dziesięciu minerałów niezbędnych do prawidłowego funkcjonowania organizmu. Bez dodatku cukru, bez laktozy."}, {"header": "Składniki i alergeny", "content": "Składniki:roślinny błonnik pokarmowy, ciemna czekolada: minimum 52% kakao [substancja słodząca: maltitol; pasta kakaowa,masłokakaowe, emulgator:lecytyna sojowa; aromat] (18%), bezglutenowe płatkiowsiane, prażoneorzeszki ziemne, prażonemigdały,sojowenuggetsy kakaowe [izolowanebiałkosojowe, kakao, skrobia z tapioki], koncentrat białka ciecierzycy, mieszanka mineralna [cytrynian potasu, fosforan wapnia (sól wapniowa kwas ortofosforowy), cytrynian sodu, tlenek magnezu, maltodekstryna, fumaran żelazawy, siarczan cynku, siarczan manganu, siarczan miedzi, jodek potasu, selenin sodu], naturalny aromat, białko brązowego ryżu, błonnikowsiany(bezglutenowy), sól morska, kokos, olej słonecznikowy, mieszanka witamin [maltodekstryna, kwas askorbinowy, octan DL-alfa-tokoferolu, nikotynamid, octan retinylu, pantotenian wapnia, chlorowodorek pirydoksyny, filochinon, ryboflawina, chlorowodorek tiaminy, kwas pteroilomonoglutaminowy, D-biotyna, cholekalcyferol, cyjanokobalamina]. Może zawierać śladowe ilości glutenu,jaj,mleka, innychorzechów,siarczynów, nasionsezamui/lub ich produktów pochodnych.Alergeny:Dwutlenek siarki i siarczyny, \n\nNasiona sezamu i produkty pochodne, \n\nMleko i produkty pochodne (łącznie z laktozą), \n\nSoja i produkty pochodne, \n\nJaja i produkty pochodne, \n\nZboża zawierajace gluten, \n\nOrzeszki ziemne (arachidowe) i produkty pochodne, \n\nOrzechy, \n\nOrzeszki piniowe i produkty z orzeszkami piniowymiInne informacje o zawartości produktu:Zawiera surowce GMO:Nie, \n\nInformacje szczegółowe dotyczące środków słodzących:zawiera cukier (cukry) i substancję słodzącą, \n\nZawiera aromaty:Tak"}, {"header": "Wartość odżywcza", "content": "W 100 gWartość energetyczna kcal397 kcalZawartość tłuszczów (ogólnie)22.5 gKwasy tłuszczowe nasycone6.4 gZawartość węglowodanów23.3 gCukry4.4 gAlkohole wielowodorotlenowe - poliole8.5 gZawartość błonnika20.1 gZawartość białek18.7 gZawartość soli1.07 gWitaminy i składniki mineralnew 100 g% RWS w 100 gBiotyna (witamina B7)12.9 μg26%Cynk2.5 mg25%Fosfor175 mg25%Jod37.5 mg25%Kwas foliowy (witamina B9)51.5 μg26%Kwas pantotenowy (witamina B5)1.5 mg26%Magnez93.8 mg25%Mangan0.5 mg25%Miedź0.25 mg25%Niacyna (witamina B3, PP)4.1 mg26%Pirydoksyna (witamina B6)0.4 mg26%Potas416.7 mg21%Ryboflawina (witamina B2)0.4 mg26%Selen13.8 μg25%Tiamina (witamina B1)0.3 mg26%Wapń223.3 mg28%Witamina A206 μg26%Witamina B120.6 μg26%Witamina C20.6 mg26%Witamina D1.3 μg26%Witamina E3.1 mg26%Witamina K19.7 μg26%Żelazo3.5 mg25%"}, {"header": "Pozostałe informacje", "content": "Kraj pochodzenia:PolskaKraj pochodzenia zależy od konkretnej partii produktu jaka znajduje się w sklepie. Informację o kraju pochodzenia znajdziesz na opakowaniu. Możesz również dodać komentarz z preferowanym typem produktu w koszyku lub wiadomości dla shoppera (np. “prosze o pomidory polskie”).Importer:OSHEE POLSKA SP. Z O.O.ALEJA 3 MAJA 9 30-062 KRAKÓW PLsekretariat@oshee.euNazwa wymagana prawnie:Pełnowartościowy wegański baton wysokobiałkowy o smaku czekoladowym, zawiera substancję słodzącą. 60g"}], "images": ["data/images/e49b58b7a3f12593a591dde068490781.jpg"], "absolute_path": "Dania Gotowe/Dania obiadowe/Hyperfood/Produkt 7"}
{"name": "Produkt 9", "url": "https://zakupy.biedronka.pl/eatyx-eatyx-hyperfood-posilek-smietankowa-jagoda-300-ml-0000023583.html", "title": "Eatyx Hyperfood Posiłek śmietankowa jagoda 300 ml", "brand": "Eatyx", "price": "15.99 PLN", "packaging_details": "300ml- 0,05 zł / ml", "description_sections": [{"header": "Opis produktu", "content": "Licz kalorie dbaj o ciało.Kluczem do skutecznej kontroli wagi i odchudzania jest liczenie kalorii w codziennej diecie. Bądź świadomy tego co jesz i ciesz się z rezultatów!Bez dodatku cukru, Zawiera naturalnie występujące cukry.Subrand:Hyperfood"}, {"header": "Składniki i alergeny", "content": "Składniki:woda,maltodekstryna,białkamleka,olej słonecznikowy,inulina,aromat naturalny,stabilizatory: fosforany sodu, węglan sodu, guma gellan, karagen,mieszanka minerałów (chlorek potasu, wodorowęglan magnezu, siarczan cynku, siarczan miedzi, siarczan manganu, mleczan żelaza, jodek potasu, selenian sodu, chlorek-(II)-chromu, molibdenian sodu),emulgator: mono- i diglicerydy kwasów tłuszczowych,przeciwutleniacz: kwas askorbinowy,mieszanka witamin (witamina E, niacyna, witamina A, kwas pantotenowy, ryboflawina, kwas foliowy, witamina D, witamina K, tiamina, witamina B6, biotyna, witamina B12),substancja słodząca: sukraloza,barwnik: karotenyAlergeny:Nie zawiera Zboża zawierające gluten, \n\nZawiera MlekoInne informacje o zawartości produktu:Przeciwutleniacze:Zawiera, \n\nBarwniki:Zawiera, \n\nSmaki / Aromaty:Zawiera, \n\nSubstancje słodzące:Zawiera"}, {"header": "Wartość odżywcza", "content": "W 100 mlWartość energetyczna100 kcalTłuszcz2.8 gw tym kwasy tłuszczowe nasycone0.3 gWęglowodany11 gw tym cukry1.2 gBłonnik1.8 gBiałko7 gSól0.13 gWitaminy i składniki mineralnew 100  ml% RWS w 100  mlBiotyna2.9 µg17%Chrom2.2 µg17%Kwas foliowy14.4 µg22%Mangan0.12 mg18%Molibden4.4 µg26%Niacyna (B3)0.89 mg17%Ryboflawina (B2)0.2 mg43%Selen3.1 µg17%Wapń190 mg71%Witamina B120.62 µg74%Witamina D0.27 µg16%"}, {"header": "Przechowywanie i sposób przygotowania", "content": "Sposób podania:Wstrząsnąć przed spożyciem.Najlepiej smakuje schłodzone."}, {"header": "Pozostałe informacje", "content": "Nazwa wymagana prawnie:Posiłek o smaku jagodowym z dodatkiem witamin i minerałów. Zawiera substancję słodzącą. UHT."}], "images": ["data/images/18ffe6708ec04a0d8317e6ab4d6d8e77.jpg"], "absolute_path": "Dania Gotowe/Dania obiadowe/Hyperfood/Produkt 9"}
{"name": "Produkt 1", "url": "https://zakupy.biedronka.pl/heinz-heinz-fasolka-w-sosie-pomidorowym-415-g-0000006291.html", "title": "Heinz Fasolka w sosie pomidorowym 415 g", "brand": "Heinz", "price": "7.99 PLN", "packaging_details": "0.415kg- 19,25 zł / kg", "description_sections": [{"header": "Opis produktu", "content": "Heinz Fasolka w sosie pomidorowym 415g*12"}, {"header": "Składniki i alergeny", "content": "Składniki:fasola biała (51%), pomidory (34%), woda, cukier, ocet spirytusowy, skrobia kukurydziana modyfikowana, sól, ekstrakty przypraw, ekstrakt ziołowy,Inne informacje o zawartości produktu:Zawiera surowce GMO:Nie, \n\nZawiera substancje konserwujące:Nie"}, {"header": "Wartość odżywcza", "content": "W 100 gWartość energetyczna kcal78 kcalZawartość tłuszczów (ogólnie)0.2 gKwasy tłuszczowe nasycone0.1 gZawartość węglowodanów12.5 gCukry4.7 gZawartość błonnika3.7 gZawartość białek4.7 gZawartość soli0.6 g"}, {"header": "Przechowywanie i sposób przygotowania", "content": "Sposób przygotowania:Bez gotowania"}, {"header": "Pozostałe informacje", "content": "Kraj pochodzenia:Wielka BrytaniaKraj pochodzenia zależy od konkretnej partii produktu jaka znajduje się w sklepie. Informację o kraju pochodzenia znajdziesz na opakowaniu. Możesz również dodać komentarz z preferowanym typem produktu w koszyku lub wiadomości dla shoppera (np. “prosze o pomidory polskie”).Producent:HJ Heinz Polska Sp. z o.o.\nPudliszki,\nul. Fabryczna 7\n63-840 KrobiaImporter:HJHEINZ POLSKA SP.Z O.O.Fabryczna 7 63-840 Krobia PLreklamacje@pudliszki.plNazwa wymagana prawnie:HEINZ Fasolka w sosie pomidorowym. Produkt sterylizowany"}], "images": ["data/images/f846debd69fcc723446572a9ebdb4cc6.jpg"], "absolute_path": "Dania Gotowe/Dania obiadowe/Dania inne/Produkt 1"}
{"name": "Produkt 2", "url": "https://zakupy.biedronka.pl/jadlowiec-jadlowiec-pulpety-w-sosie-pomidorowym-500-g-0000007391.html", "title": "JADŁOWIEC Pulpety w sosie pomidorowym 500 g", "brand": "Jadłowiec", "price": "6.29 PLN", "packaging_details": "0.5kg- 12,58 zł / kg", "description_sections": [{"header": "Składniki i alergeny", "content": "Składniki:sos pomidorowy 63,5% [woda, koncentrat pomidorowy 4,4%, marchew 3,8%, pietruszka 2%, skrobia modyfikowana kukurydziana,seler, cukier, mąkapszenna, przyprawy, bulion warzywny (maltodekstryna, sól, cukier, olej rzepakowy, ekstrakt drożdżowy, przyprawy, koncentraty warzywne, zioła), sól, ekstrakt drożdżowy]; pulpety wieprzowo-wołowe 36,5% [mięso wieprzowe 18,7%, mięso wołowe 6%, woda, skórki wieprzowe 2,9%, kasza manna (zpszenicy), cebula 1,4%, skrobia ziemniaczana, sól, mąka ryżowa, przyprawy, bulion warzywny, (maltodekstryna, sól, cukier, olej rzepakowy, ekstrakt drożdżowy, przyprawy, koncentraty warzywne, zioła)]. Produkt może zawierać:soję,mleko(łącznie z laktozą) i produkty pochodne."}, {"header": "Pozostałe informacje", "content": "Nazwa wymagana prawnie:Pulpety wieprzowo-wołowe w sosie pomidorowym. Produkt sterylizowany."}], "images": ["data/images/aa1f3cadda9124fc8adc08b1e8cae3b7.jpg"], "absolute_path": "Dania Gotowe/Dania obiadowe/Dania inne/Produkt 2"}
{"name": "Produkt 4", "url": "https://zakupy.biedronka.pl/go-active-go-active-kurczak-z-ryzem-w-sosie-curry-420-g-0000009704.html", "title": "Go Active Kurczak z ryżem w sosie curry 420 g", "brand": "Go Active", "price": "14.69 PLN", "packaging_details": "0.42kg- 34,98 zł / kg", "description_sections": [{"header": "Opis produktu", "content": "Nutriscore:A"}, {"header": "Składniki i alergeny", "content": "Składniki:ryż parboiled 42%, filet z kurczaka 23% (filet z kurczaka, sól), woda, koncentrat soku jabłkowego, marchew 2,3%, olej rzepakowy, ekstrakt z miąższu kokosa (ekstrakt z kokosa, woda), niemodyfikowana skrobia kukurydziana,seler, pasternak 1%, przyprawy, sossojowy(soja, gluten), curry 0,6%, sól, pietruszka 0,3%, por, koncentrat soku z cytryny. Produkt może zawierać:mleko,gorczycę,rybę, orzeszkiarachidowei inneorzechyAlergeny:Seler i produkty pochodne, \n\nSoja i produkty pochodne, \n\nZboża zawierajace glutenInne informacje o zawartości produktu:Zawiera surowce GMO:Nie, \n\nPoziom znakowania Nutriscore:A"}, {"header": "Wartość odżywcza", "content": "W 100 gWartość energetyczna kcal129 kcalZawartość tłuszczów (ogólnie)3.3 gKwasy tłuszczowe nasycone0.6 gZawartość węglowodanów18.1 gCukry2 gZawartość błonnika0.8 gZawartość białek6.9 gZawartość soli0.52 g"}, {"header": "Przechowywanie i sposób przygotowania", "content": "Sposób przygotowania:Kuchenka mikrofalowa, Patelnia, Do gotowaniaSposób podania:Przed spożyciem podgrzać."}, {"header": "Pozostałe informacje", "content": "Dystrybutor:Jeronimo Martins Polska S.A.Żniwna 5 62-025 KostrzynNazwa wymagana prawnie:Kurczak w sosie curry z ryżem i warzywami. Produkt sterylizowany."}], "images": ["data/images/56f8b194cfbab873ab6a977830d6e776.jpg", "data/images/34eecd4856c453ff4fc91ff38909fa5d.jpg"], "absolute_path": "Dania Gotowe/Dania obiadowe/Dania inne/Produkt 4"}
{"name": "Produkt 3", "url": "https://zakupy.biedronka.pl/yeemy-yeemy-zapiekanka-z-pieczarkami-i-serem-mozzarella-236-g-0000002304.html", "title": "Yeemy Zapiekanka z pieczarkami i serem mozzarella 236 g", "brand": "Yeemy", "price": "5.49 PLN", "packaging_details": "0.236kg- 23,26 zł / kg", "description_sections": [{"header": "Składniki i alergeny", "content": "Składniki:bułkapszenna[mąkapszenna, woda, drożdże, sól, glukoza, mąka sojowa, enzymy zpszenicy, mąka słodowajęczmienna, środek do przetwarzania mąki: kwas askorbinowy, pieczarka smażona, pasteryzowana z cebulą 30% [100 g produktu uzyskano z 163g pieczarki świeżej, cebula 28%, olej rzepakowy, bułka tarta (mąkapszenna, drożdże, sól), sól, aromaty, ekstrakt drożdżowy, pieprz czarny],sermozzarella 19% zmleka. Produkt może zawierać:seler,sezam,gorczycę,jaja.Alergeny:Mleko i produkty pochodne (łącznie z laktozą), \n\nSoja i produkty pochodne, \n\nZboża zawierajace gluten, \n\nPszenica i produkty z pszenicy, \n\nJęczmień i produkty jęczmienneInne informacje o zawartości produktu:Zawiera surowce GMO:Nie"}, {"header": "Wartość odżywcza", "content": "W 100 gWartość energetyczna kcal227 kcalZawartość tłuszczów (ogólnie)5.9 gKwasy tłuszczowe nasycone2.5 gZawartość węglowodanów31 gCukry1.8 gZawartość błonnika2.3 gZawartość białek11 gZawartość soli1.8 g"}, {"header": "Przechowywanie i sposób przygotowania", "content": "Sposób przygotowania:PiekarnikSposób podania:Półprodukt schłodzony, gotowy do spożycia po podgrzaniu."}, {"header": "Pozostałe informacje", "content": "Producent:U Jędrusia Sp. z o.o.Importer:Jeronimo Martins Polska S.A.Żniwna 5 62-025 Kostrzyn PLNazwa wymagana prawnie:Zapiekanka z pieczarkami smażonymi i serem mozzarella"}], "images": ["data/images/84b5e94a4aeeff5bb67d769caf6e504c.jpg", "data/images/c4a9de89b88f2f8869d741ae375b007f.jpg"], "absolute_path": "Dania Gotowe/Dania obiadowe/Dania inne/Produkt 3"}
{"name": "Produkt 8", "url": "https://zakupy.biedronka.pl/kraina-mies-kraina-mies-indyk-ze-sliwka-500-g-0000006566.html", "title": "Kraina Mięs Indyk ze śliwką 500 g", "brand": "Kraina Mięs", "price": "17.99 PLN", "packaging_details": "0.5kg- 35,98 zł / kg", "description_sections": [{"header": "Opis produktu", "content": "Wolne gotowanie to: długie gotowanie w temperaturze około 85°C = zachowanie struktury i smaku. Gotowanie w opakowaniach próżniowych = smak zamknięty wewnątrz opakowania. Produkty bez dodatku substancji konserwujących. Dzięki metodzie wolnego gotowania otrzymasz danie o wyjątkowym smaku w 25 minut."}, {"header": "Składniki i alergeny", "content": "Składniki:100 g mięsa wolno gotowanego uzyskanego ze 120 g uda z indyka. Sos mięsny ze śliwką (skrobia kukurydziana, przyprawy, sól, ekstrakty przypraw, aromaty, glukoza, błonniki roślinne), suszona śliwka 5%."}, {"header": "Pozostałe informacje", "content": "Nazwa wymagana prawnie:Indyk ze śliwką wolno gotowany"}], "images": ["data/images/ec25198df46b4dbda3ac2b38109354ba.jpg", "data/images/bfc1a561240365227ecd1861b440aabb.jpg", "data/images/cf525a54e8dac67d3901b19ea2370d55.jpg"], "absolute_path": "Dania Gotowe/Dania obiadowe/Dania inne/Produkt 8"}
{"name": "Produkt 7", "url": "https://zakupy.biedronka.pl/dania-express-dania-express-frytki-z-kurczaka-400-g-0000016149.html", "title": "Dania Express Frytki z kurczaka 400 g", "brand": "Dania Express", "price": "14.99 PLN", "packaging_details": "0.4kg- 37,48 zł / kg", "description_sections": [{"header": "Składniki i alergeny", "content": "Składniki:filet z piersi kurczaka (70%), mąkapszenna, woda, skrobiapszenna, mąka ryżowa, błonnikpszenny, olej rzepakowy, sól, substancje spulchniające (difosforany, węglany sodu), dekstroza, glukoza, sacharoza, przyprawy, aromaty, warzywa suszone (seler, czosnek), stabilizator (cytryniany sodu), skrobia modyfikowana, ekstrakty drożdżowe, maltodekstryna, ekstrakty przypraw, barwnik (ekstrakt z papryki)."}, {"header": "Pozostałe informacje", "content": "Nazwa wymagana prawnie:Produkt garmażeryjny drobiowy, z dodatkiem wody, z połączonych kawałków mięsa, panierowany, smażony, pieczony"}], "images": ["data/images/7aa2b30b95ca17915563409f409e3007.jpg"], "absolute_path": "Dania Gotowe/Dania obiadowe/Dania inne/Produkt 7"}
{"name": "Produkt 6", "url": "https://zakupy.biedronka.pl/yeemy-yeemy-gyros-z-kurczaka-450-g-0000005930.html", "title": "Yeemy Gyros z kurczaka 450 g", "brand": "Yeemy", "price": "14.99 PLN", "packaging_details": "0.45kg- 33,31 zł / kg", "description_sections": [{"header": "Składniki i alergeny", "content": "Składniki:mięso z nogi kurczaka (100g produktu otrzymano ze 118 g mięsa), przyprawy (kurkuma), imbir, kminek, pieprz,gorczyca, cynamon, kolendra, goździki, gałka muszkatołowa, ziele angielskie), papryka, sól, ekstrakt drożdżowy, skrobia kukurydziana, aromaty, cukier, dekstroza, ekstrakty przypraw, naturalny aromat, stabilizatory: octany sodu, mleczan wapnia; przeciwutleniacz: ekstrakty rozmarynu. Może zawierać:soję,seler, zboża zawierające gluten,mlekołącznie z laktozą. SOS CZOSNKOWY: woda, olej rzepakowy, cukier, skrobia modyfikowana,mlekow proszku odtłuszczone,musztarda(ocet spirytusowy, woda, mączka zgorczycy, cukier przyprawy), warzywa suszone (czosnek, marchew, cebula, szczypior), sól, ocet spirytusowy, żółtkajajaw proszku, substancje zagęszczające: guma guar, guma ksantanowa, ekstrakt czosnku."}, {"header": "Pozostałe informacje", "content": "Kraj pochodzenia:PolskaKraj pochodzenia zależy od konkretnej partii produktu jaka znajduje się w sklepie. Informację o kraju pochodzenia znajdziesz na opakowaniu. Możesz również dodać komentarz z preferowanym typem produktu w koszyku lub wiadomości dla shoppera (np. “prosze o pomidory polskie”).Nazwa wymagana prawnie:Gyros z kurczaka z sosem czosnkowym osobno pakowanym. Produkt drobiowy, pieczony, krojony."}], "images": ["data/images/e9baa06d48b8e183e1452c860135ff6c.jpg", "data/images/b0f7658c908824e4af4b59fa9350ebd2.jpg"], "absolute_path": "Dania Gotowe/Dania obiadowe/Dania inne/Produkt 6"}
{"name": "Produkt 1", "url": "https://zakupy.biedronka.pl/dr.-oetker-dr.-oetker-guseppe-pizza-4-sery-670-g-2-x-335-g-0000002988.html", "title": "Dr. Oetker Guseppe Pizza 4 sery 670 g (2 x 335 g)", "brand": "Dr. Oetker", "price": "19.99 PLN", "packaging_details": "0.67kg- 29,84 zł / kg", "description_sections": [{"header": "Opis produktu", "content": "Pyszne ciasto, chrupiące na zewnątrz i delikatnie puszyste w środku, to tajemnica niezwykłego smaku pizzy Guseppe. Guseppe 4 Cheese to niepowtarzalna kompozycja serów: Edamskiego, Mozzarella, Tylżyckiego i sera pleśniowego. Oryginalnego smaku dodaje specjalnie skomponowany sos serowo-śmietankowy, aromatyczne zioła i przyprawy oraz dodatek sosu pomidorowego na wierzchu pizzy.Subrand:Guseppe"}, {"header": "Składniki i alergeny", "content": "Składniki:mąkapszenna,woda,16 %ser(mozzarella, edamski, tylżycki,serpleśniowy błękitny),śmietanka,olej rzepakowy,drożdże piekarskie,koncentrat pomidorowy,masło,sól,skrobie modyfikowane,cukier,zioła,mlekoodtłuszczone w proszku,emulgator (mono- i diglicerydy kwasów tłuszczowych estryfikowane kwasem mono- i diacetylowinowym),przyprawy,środek do przetwarzania mąki (kwas askorbinowy)Alergeny:Zawiera Mleko, \n\nMoże zawierać Soja, \n\nZawiera Pszenica"}, {"header": "Wartość odżywcza", "content": "W 100 gWartość energetyczna283 kcalTłuszcz13 gw tym kwasy tłuszczowe nasycone5.5 gWęglowodany32 gw tym cukry3 gBłonnik1.5 gBiałko9.4 gSól0.97 g"}, {"header": "Pozostałe informacje", "content": "Nazwa wymagana prawnie:Pizza 4 sery, głęboko mrożona."}], "images": ["data/images/5c9c0e8a6d146cd8caad18c2c746dec4.jpg", "data/images/1da46e6e3eaf8f87855b4aea5abd9ee6.jpg"], "absolute_path": "Dania Gotowe/Dania mrożone/Pizza/Produkt 1"}
{"name": "Produkt 5", "url": "https://zakupy.biedronka.pl/yeemy-yeemy-bagietka-do-opiekania-z-maslem-i-czosnkiem-175-g-0000001324.html", "title": "Yeemy Bagietka do opiekania z masłem i czosnkiem 175 g", "brand": "Yeemy", "price": "3.79 PLN", "packaging_details": "0.175kg- 21,66 zł / kg", "description_sections": [{"header": "Opis produktu", "content": "BAGIETKA do opiekania z masłem i czosnkiem"}, {"header": "Składniki i alergeny", "content": "Składniki:mąkopszenna, woda,masło(13 %), drożdże, cebula, czosnek (1 %), sól, mąkażytnia, glutenpszenny, notko pietruszki, skrobia, przyprawy (pieprz czarny, lubczyk), sossojowy(woda,soja,pszenica, sól), naturalny aromat czosnkowy, regulator kwasowości: kwas cytrynowy, środek do przetwarzania mąki: kwas askorbinowy. Produkt maże zawieraćjajai nasionasezamu.Alergeny:Mleko i produkty pochodne (łącznie z laktozą), \n\nSoja i produkty pochodne, \n\nZboża zawierajace gluten, \n\nPszenica i produkty z pszenicy, \n\nŻyto i produkty żytnieInne informacje o zawartości produktu:Zawiera surowce GMO:Nie, \n\nZawiera aromaty:Tak"}, {"header": "Wartość odżywcza", "content": "W 100 gWartość energetyczna kcal314 kcalZawartość tłuszczów (ogólnie)13 gKwasy tłuszczowe nasycone8.6 gZawartość węglowodanów40 gCukry3.4 gZawartość błonnika2.8 gZawartość białek7.8 gZawartość soli1.2 g"}, {"header": "Przechowywanie i sposób przygotowania", "content": "Sposób przygotowania:Opiekanie"}, {"header": "Pozostałe informacje", "content": "Kraj pochodzenia:NiemcyKraj pochodzenia zależy od konkretnej partii produktu jaka znajduje się w sklepie. Informację o kraju pochodzenia znajdziesz na opakowaniu. Możesz również dodać komentarz z preferowanym typem produktu w koszyku lub wiadomości dla shoppera (np. “prosze o pomidory polskie”).Producent:ARYZTA Polska S. A.Importer:Jeronimo Martins Polska S.A.Żniwna 5 62-025 Kostrzyn PLNazwa wymagana prawnie:BAGIETKA Z MASŁEM I CZOSNKIEM DO OPIEKANIA Pieczywo pszenne z nacięciami wypełnionymi nadzieniem (17 %) z masłem i czosnkiem, wstępnie podpieczone, schłodzone, pakowano w atmosferze ochronnej."}], "images": ["data/images/9a220931d83cea7f6b4f54b28f469530.jpg", "data/images/97504c124e4ad01c6b340dc38d6f99c3.jpg", "data/images/baa922548e80ddfef6ae6e47f1110d43.jpg", "data/images/87d8e894081a2037bc59d00acacaf2bc.jpg"], "absolute_path": "Dania Gotowe/Dania obiadowe/Dania inne/Produkt 5"}
{"name": "Produkt 5", "url": "https://zakupy.biedronka.pl/dr.-oetker-dr.-oetker-mini-pizza-ser-pomidor-minionki-3-szt.-220-g-0000016937.html", "title": "Dr. Oetker Mini Pizza Ser Pomidor Minionki 3 szt. 220 g", "brand": "Dr. Oetker", "price": "10.99 PLN", "packaging_details": "0.219kg- 50,18 zł / kg", "description_sections": [{"header": "Opis produktu", "content": "Mini Pizza to smaczna i lubiana przekąska dla wszystkich dzieci. Łagodna w smaku, na delikatnie chrupiącym cieście z pysznym sosem pomidorowym i serem - stworzona specjalnie z myślą o naszych pociechach. Mini pizza to porcja w sam raz dla dzieci. 3 sztuki w opakowaniu dodatkowo ułatwią dzielenie się pizzą lub pozostawienie jej na później. Smacznego!"}, {"header": "Składniki i alergeny", "content": "Składniki:mąkapszenna, woda, 12%ser(mozzarella, edamski), 4,3% koncentrat pomidorowy, olej rzepakowy, drożdże piekarskie, cukier, sól, skrobia modyfikowana. Możliwa obecnośćsoja,gorczyca."}, {"header": "Pozostałe informacje", "content": "Kraj pochodzenia:PolskaKraj pochodzenia zależy od konkretnej partii produktu jaka znajduje się w sklepie. Informację o kraju pochodzenia znajdziesz na opakowaniu. Możesz również dodać komentarz z preferowanym typem produktu w koszyku lub wiadomości dla shoppera (np. “prosze o pomidory polskie”).Dystrybutor:Jeronimo Martins Polska S.A.Żniwna 5 62-025 Kostrzyn PLImporter:Jeronimo Martins Polska S.A.Żniwna 5 62-025 Kostrzyn PLNazwa wymagana prawnie:Mini pizza ser i pomidory, głęboko mrożona."}], "images": ["data/images/c406959e809b4c2e69fc1eb2193285f5.jpg"], "absolute_path": "Dania Gotowe/Dania mrożone/Pizza/Produkt 5"}
{"name": "Produkt 1", "url": "https://zakupy.biedronka.pl/mr.-potato-mr.-potato-frytki-dlugie-cienkie-7-mm-x7-mm-1-kg-0000008342.html", "title": "Mr. Potato Frytki Długie Cienkie 7 mm x7 mm 1 kg", "brand": "Mr. Potato", "price": "9.99 PLN", "packaging_details": "1kg- 9,99 zł / kg", "description_sections": [{"header": "Opis produktu", "content": "Szybko i wygodnie, do piekarnika, do frytkownicy."}, {"header": "Składniki i alergeny", "content": "Składniki:Ziemniaki, olej słonecznikowy. Informacja na opakowaniu (nadruk): \"Olej słonecznikowy został zastąpiony olejem rzepakowym.\"Inne informacje o zawartości produktu:Zawiera surowce GMO:Nie, \n\nInformacje szczegółowe dotyczące środków słodzących:Nie, \n\nZawiera lukrecję:Nie, \n\nZawiera chininę:Nie, \n\nZawiera taurynę:Nie, \n\nZawiera przeciwutleniacze:Nie, \n\nZawiera wzmacniacze smaku:Nie, \n\nZawiera fosforany:Nie, \n\nZawiera siarczyny:Nie, \n\nZawiera barwniki:Nie, \n\nZawiera aromaty:Nie, \n\nZawiera antybiotyki:Nie, \n\nZawiera substancje konserwujące:Nie, \n\nZawiera tłuszcze utwardzone (trans):Nie, \n\nZawiera olej palmowy:Nie, \n\nCzy znaki dietetyczne/alergenów znajdują się na opakowaniu?:Nie"}, {"header": "Wartość odżywcza", "content": "W 100 gWartość energetyczna kcal154 kcalZawartość tłuszczów (ogólnie)5.2 gKwasy tłuszczowe nasycone0.4 gZawartość węglowodanów23 gCukry1 gZawartość błonnika2.4 gZawartość białek2.7 gZawartość soli0.05 g"}, {"header": "Przechowywanie i sposób przygotowania", "content": "Sposób przygotowania:Piekarnik, FrytkownicaSposób podania:Podawać na gorąco z sosami jako przekąskę albo dodatek do drugiego dania"}, {"header": "Pozostałe informacje", "content": "Kraj pochodzenia:PolskaKraj pochodzenia zależy od konkretnej partii produktu jaka znajduje się w sklepie. Informację o kraju pochodzenia znajdziesz na opakowaniu. Możesz również dodać komentarz z preferowanym typem produktu w koszyku lub wiadomości dla shoppera (np. “prosze o pomidory polskie”).Producent:IGLOTEX S.A.Dystrybutor:IGLOTEX S.A.Leśna 2 83-220 Skórcziglotex@iglotex.com.plImporter:IGLOTEX S.A.Leśna 2 83-220 Skórcz PLiglotex@iglotex.com.plNazwa wymagana prawnie:Frytki Długie Cienkie 7 mm x7 mm Mr.Potato 1 kg Frytki ziemniaczane, proste, wstępnie podsmażone. Produkt głęboko mrożony."}], "images": ["data/images/55fe7e24628761dc894ec84203959f89.jpg"], "absolute_path": "Dania Gotowe/Dania mrożone/Frytki/Produkt 1"}
{"name": "Produkt 2", "url": "https://zakupy.biedronka.pl/dr.-oetker-dr.-oetker-guseppe-pizza-z-szynka-i-pieczarkami-850-g-2-x-425-g-0000003340.html", "title": "Dr. Oetker Guseppe Pizza z szynką i pieczarkami 850 g (2 x 425 g)", "brand": "Dr. Oetker", "price": "19.99 PLN", "packaging_details": "0.85kg- 23,52 zł / kg", "description_sections": [{"header": "Opis produktu", "content": "Pyszne ciasto, chrupiące na zewnątrz i delikatnie puszyste w środku, to tajemnica niezwykłego smaku pizzy Guseppe. Guseppe Ham & Mushroom to klasyczna kompozycja aromatycznej szynki i świeżych pieczarek, z dodatkiem czerwonej cebuli, wyrazistych ziół i przypraw. Tradycyjne połączenie smaków, idealne na każdą porę i dla każdego domownika.Subrand:Guseppe"}, {"header": "Składniki i alergeny", "content": "Składniki:mąkapszenna,woda,9,8 %ser(mozzarella, edamski),8,4 % szynka (mięso wieprzowe, woda, skrobia modyfikowana,białkosojowe, sól, glukoza, cukier, stabilizatory (polifosforany, trifosforany, azotyn sodu), substancja zagęszczająca (karagen), aromaty, przeciwutleniacz (askorbinian sodu)),7,8 % pieczarki,koncentrat pomidorowy,cebula czerwona,olej rzepakowy,drożdże piekarskie,masło,sól,cukier,skrobia modyfikowana,mlekoodtłuszczone w proszku,zioła,emulgator (mono- i diglicerydy kwasów tłuszczowych estryfikowane kwasem mono- i diacetylowinowym),przyprawy,środek do przetwarzania mąki (kwas askorbinowy)Alergeny:Zawiera Mleko, \n\nZawiera Soja, \n\nZawiera PszenicaInne informacje o zawartości produktu:Przeciwutleniacze:Zawiera, \n\nSmaki / Aromaty:Zawiera"}, {"header": "Wartość odżywcza", "content": "W 100 gWartość energetyczna213 kcalTłuszcz7.4 gw tym kwasy tłuszczowe nasycone2.7 gWęglowodany28 gw tym cukry3.5 gBłonnik1.5 gBiałko8.1 gSól1 g"}, {"header": "Pozostałe informacje", "content": "Dystrybutor:Dr. Oetker Polska Sp. z o.o.ul. Adm. Dickmana 14/15 80-339 Gdańskserwis@oetker.plNazwa wymagana prawnie:Pizza z szynką i pieczarkami, głęboko mrożona."}], "images": ["data/images/6f9b57e58de21c5fae89c1b0777e9931.jpg", "data/images/4dcfa9a4a4261368690190ea9512b427.jpg"], "absolute_path": "Dania Gotowe/Dania mrożone/Pizza/Produkt 2"}
{"name": "Produkt 4", "url": "https://zakupy.biedronka.pl/dr.-oetker-dr.-oetker-pizza-guseppe-salami-2x-380-g-760-g-0000006011.html", "title": "Dr. Oetker Pizza Guseppe Salami (2x 380 g) 760 g", "brand": "Dr. Oetker", "price": "19.99 PLN", "packaging_details": "0.76kg- 26,30 zł / kg", "description_sections": [{"header": "Opis produktu", "content": "Pyszne ciasto, chrupiące na zewnątrz i delikatnie puszyste w środku, to tajemnica niezwykłego smaku pizzy Guseppe. Guseppe Salami to pyszna pizza o wyrazistym smaku salami, wzbogacona soczystą kukurydzą i papryką pepperoni. Wszystko to na pysznym sosie pomidorowym, z ciągnącym się serem, doprawione aromatycznymi ziołami."}, {"header": "Składniki i alergeny", "content": "Składniki:Mąka PSZENNA, woda, 10% SER (MOZZARELLA, EDAMSKI), 4,9% salami (mięso wieprzowe, tłuszcz wieprzowy, sól, przeciwutleniacze (ekstrakty z rozmarynu, askorbinian sodu), przyprawy, dekstroza, ekstrakty przypraw, aromat, stabilizator (azotyn sodu)), koncentrat pomidorowy, marynowana papryka pepperoni (papryka pepperoni czerwona, woda, ocet spirytusowy, cukier, sól, kwas (kwas cytrynowy), przeciwutleniacz (kwas askorbinowy)), olej rzepakowy, kukurydza, drożdże piekarskie, MASŁO, sól, cukier, skrobia modyfikowana, oregano, MLEKO odtłuszczone w proszku, emulgator (mono- i diglicerydy kwasów tłuszczowych estryfikowane kwasem mono- i diacetylowinowym), przyprawy, środek do przetwarzania mąki (kwas askorbinowy).Możliwa obecność SOI."}, {"header": "Pozostałe informacje", "content": "Kraj pochodzenia:PolskaKraj pochodzenia zależy od konkretnej partii produktu jaka znajduje się w sklepie. Informację o kraju pochodzenia znajdziesz na opakowaniu. Możesz również dodać komentarz z preferowanym typem produktu w koszyku lub wiadomości dla shoppera (np. “prosze o pomidory polskie”).Nazwa wymagana prawnie:Pizza Guseppe z salami, głęboko mrożona."}], "images": ["data/images/111d4300db25cdf1a2e078c312de39a8.jpg", "data/images/5a7b56c6954f60fa7376d93fbb6054fc.jpg"], "absolute_path": "Dania Gotowe/Dania mrożone/Pizza/Produkt 4"}
{"name": "Produkt 3", "url": "https://zakupy.biedronka.pl/dr.-oetker-dr.-oetker-pizza-feliciana-salame-e-chorizo-320-g-0000009530.html", "title": "Dr. Oetker Pizza Feliciana Salame e Chorizo 320 g", "brand": "Dr. Oetker", "price": "11.99 PLN", "packaging_details": "0.32kg- 37,47 zł / kg", "description_sections": [{"header": "Opis produktu", "content": "Tajemnica nowej pizzy Feliciana Dr. Oetkera tkwi w cienkim i chrupiącym cieście z lekko grubszymi brzegami oraz pysznych składnikach i przyprawach. To idealna pizza, by poczuć smaki Italii. Ser - używamy sera bez barwnikówZakwas pszenny - to naturalny składnik nadający ciastu charakterystyczny smak i konsystencję. Warzywa - są zamrażane zaraz po zbiorach dla zachowania ich oryginalnego smaku. Salami - 100 g naszego salami zostało wyprodukowane ze śr. 140 g mięsa wieprzowego. Przyprawy - zostały poddane suszeniu, by zachowały swój wyjątkowy smak i zapach. Pomidory - do sosu użyliśmy koncentratu pomidorowego, którego 100 g powstało z 600 g pomidorów"}, {"header": "Składniki i alergeny", "content": "Składniki:mąka PSZENNA, woda, 10% SER EDAMSKI, 5,2% salami chorizo (mięso wieprzowe, tłuszcz wieprzowy, sól, dekstroza, przyprawy, ekstrakty przypraw, cukier, przeciwutleniacz (askorbinian sodu, ekstrakty z rozmarynu), stabilizator (azotyn sodu)), 4,4% salami (mięso wieprzowe, tłuszcz wieprzowy, sól, przeciwutleniacze (stabilizator (azotyn sodu), przyprawy, mąka z GORCZYCY, glukoza, ekstrakty przypraw, cukier, aromat, przeciwutleniacz (ekstrakty z rozmarynu), woda, stabilizator (azotyn sodu)).4,2% koncentrat pomidorowy, papryka czerwona, cebula czerwona, drożdże piekarskie, tłuszcz palmowy, sól, cukier, olej rzepakowy, suszony zakwas PSZENNY (produkty przemiału PSZENICY, słód PSZENNY), bazylia, ekstrakt słodu JĘCZMIENNEGO, emulgator (mono- i diglicerydy kwasów tłuszczowych estryfikowane kwasem mono- i diacetylowinowym), substancja zagęszczająca (guma guar), czosnek, papryka, regulator kwasowości (fosforany wapnia), pietruszka, skrobia modyfikowana, pieprz, aromat, barwnik (karoteny)Alergeny:Mleko i produkty pochodne (łącznie z laktozą), \n\nZboża zawierajace gluten, \n\nPszenica i produkty z pszenicy, \n\nJęczmień i produkty jęczmienneInne informacje o zawartości produktu:Zawiera surowce GMO:Nie, \n\nInformacje szczegółowe dotyczące środków słodzących:zawiera substancję słodzącą, \n\nZawiera przeciwutleniacze:Tak, \n\nZawiera fosforany:Tak, \n\nZawiera barwniki:Tak, \n\nZawiera aromaty:Tak, \n\nZawiera antybiotyki:Nie, \n\nZawiera substancje konserwujące:Nie, \n\nZawiera tłuszcze utwardzone (trans):Nie, \n\nZawiera olej palmowy:Tak"}, {"header": "Wartość odżywcza", "content": "W 100 gWartość energetyczna kcal265 kcalZawartość tłuszczów (ogólnie)9.7 gKwasy tłuszczowe nasycone4.6 gZawartość węglowodanów34 gCukry4.2 gZawartość błonnika2 gZawartość białek9.6 gZawartość soli1.2 g"}, {"header": "Pozostałe informacje", "content": "Kraj pochodzenia:PolskaKraj pochodzenia zależy od konkretnej partii produktu jaka znajduje się w sklepie. Informację o kraju pochodzenia znajdziesz na opakowaniu. Możesz również dodać komentarz z preferowanym typem produktu w koszyku lub wiadomości dla shoppera (np. “prosze o pomidory polskie”).Producent:Dr. Oetker Polska Sp. z o.o.\nul. Adm. Dickmana 14\\15\n80-339 Gdańsk\nPolskaImporter:Dr.Oetker Polska Sp. z o.o.Dickmana 14/15 80-339 Gdańsk PLoetker@oetker.plNazwa wymagana prawnie:Pizza z salami i chorizo, głęboko mrożona"}], "images": ["data/images/187c040288a1136a8bd1003cc576102b.jpg"], "absolute_path": "Dania Gotowe/Dania mrożone/Pizza/Produkt 3"}
{"name": "Produkt 2", "url": "https://zakupy.biedronka.pl/hortex-hortex-gotowe-danie-meksykanskie-450-g-0000019336.html", "title": "Hortex Gotowe danie meksykańskie 450 g", "brand": "Hortex", "price": "12.59 PLN", "packaging_details": "0.45kg- 27,98 zł / kg", "description_sections": [{"header": "Opis produktu", "content": "Pyszne i szybkie danie?Nic prostszego!Gotowe danie meksykańskieTo rozwiązanie idealne. Przekonaj się sam, jak szybko możesz cieszyć się daniem pełnym smaku i aromatu... inspirowanym kuchnią meksykańską.Nutriscore:A"}, {"header": "Składniki i alergeny", "content": "Składniki:warzywa 60 % w zmiennych proporcjach: fasola szparagowa, kukurydza, papryka, pomidor ze skórką, fasola czerwona blanszowana, cebula,ryż 26 % (ryż, woda),filet z piersi kurczaka 13 % (mięso z piersi kurczaka, dekstroza, skrobia z tapioki, sól),1 % przyprawa w saszetce (w zmiennych proporcjach: sól, papryka słodka, pomidor suszony, czosnek, cebula, chili, oregano, owoc kolendry mielony, kminek mielony, gałka muszkatołowa, cynamon)"}, {"header": "Pozostałe informacje", "content": "Dystrybutor:Jeronimo Martins Polska S.A.Żniwna 5 62-025 Kostrzyn PLImporter:Jeronimo Martins Polska S.A.Żniwna 5 62-025 Kostrzyn PLNazwa wymagana prawnie:Gotowe danie meksykańskie. Mieszanka warzyw z ryżem, kurczakiem i przyprawą. Produkt głęboko mrożony."}], "images": ["data/images/f07f06cc5da7ea1acf15906f39ad2cbd.jpg"], "absolute_path": "Dania Gotowe/Dania mrożone/Inne dania/Produkt 2"}
{"name": "Produkt 1", "url": "https://zakupy.biedronka.pl/nasze-smaki-nasze-smaki-pyzy-z-miesem-800-g-0000016212.html", "title": "Nasze Smaki Pyzy z mięsem 800 g", "brand": "Nasze Smaki", "price": "7.19 PLN", "packaging_details": "0.8kg- 8,99 zł / kg", "description_sections": [{"header": "Składniki i alergeny", "content": "Składniki:woda, skrobia ziemniaczana 15,3 %, grys ziemniaczany 9 %, płatki ziemniaczane 9 %, mięso wieprzowe 7,2 %, mięso wołowe 6,4 %, cebula smażona 1,85 % (cebula, olej rzepakowy, tłuszcz wieprzowy), bułka tarta (mąkapszenna, drożdże, sól), błonnikpszenny, cebula smażona panierowana 0,19 % (cebula, olej rzepakowy, mąkapszenna, sól), suszone warzywa (pasternak, marchew, cebula, pietruszka korzeń, pietruszka nać, por, czosnek), przyprawy, ekstrakty przypraw, sól. Zawartość farszu nie mniej niż 21 %. Produkt może zawierać: białkamlekailaktozę,jaja,soję,gorczycę,seler."}, {"header": "Pozostałe informacje", "content": "Nazwa wymagana prawnie:Pyzy z mięsem wieprzowo-wołowym. Produkt głęboko mrożony. Gotowy do spożycia po obróbce termicznej."}], "images": ["data/images/752a15f18142774cf53038c01f2b8b44.jpg"], "absolute_path": "Dania Gotowe/Dania mrożone/Inne dania/Produkt 1"}
{"name": "Produkt 2", "url": "https://zakupy.biedronka.pl/mr.-potato-mr.-potato-frytki-karbowane-1-kg-0000009430.html", "title": "Mr. Potato Frytki karbowane 1 kg", "brand": "Mr. Potato", "price": "9.39 PLN", "packaging_details": "1kg- 9,39 zł / kg", "description_sections": [{"header": "Opis produktu", "content": "Wygodne i szybkie przygotowanie. Idealna przystawka na spotkania z przyjaciółmi. Stanowią doskonałą przekąskę. Doskonałe z ketchupem, dipami i majonezem. Wyśmienity dodatek do dań mięsnych i rybnych."}, {"header": "Składniki i alergeny", "content": "Składniki:ziemniaki, olej słonecznikowy 4%Inne informacje o zawartości produktu:Zawiera surowce GMO:Nie"}, {"header": "Wartość odżywcza", "content": "W 100 gWartość energetyczna kcal129 kcalZawartość tłuszczów (ogólnie)3.4 gKwasy tłuszczowe nasycone0.4 gZawartość węglowodanów21 gCukry0.6 gZawartość białek2.4 gZawartość soli0.08 g"}, {"header": "Przechowywanie i sposób przygotowania", "content": "Sposób przygotowania:Frytkownica, PiekarnikSposób podania:Podawać na gorąco z sosami jako przekąskę albo dodatek do drugiego dania."}, {"header": "Pozostałe informacje", "content": "Kraj pochodzenia:BelgiaKraj pochodzenia zależy od konkretnej partii produktu jaka znajduje się w sklepie. Informację o kraju pochodzenia znajdziesz na opakowaniu. Możesz również dodać komentarz z preferowanym typem produktu w koszyku lub wiadomości dla shoppera (np. “prosze o pomidory polskie”).Producent:Clarebout Potatoes NVDystrybutor:Jeronimo Martins Polska S.A.Żniwna 5 62-025 KostrzynImporter:Jeronimo Martins Polska S.A.Żniwna 5 62-025 Kostrzyn PLNazwa wymagana prawnie:Frytki ziemniaczane karbowane, wstępnie podsmażone. Produkt głęboko mrożony."}], "images": ["data/images/24a46ec60dffe1aff5a2e029e75fd0f3.jpg"], "absolute_path": "Dania Gotowe/Dania mrożone/Frytki/Produkt 2"}
{"name": "Produkt 3", "url": "https://zakupy.biedronka.pl/aviko-aviko-grubo-krojone-frytki-do-piekarnika-750-g-0000003299.html", "title": "Aviko Grubo krojone frytki do piekarnika 750 g", "brand": "Aviko", "price": "10.49 PLN", "packaging_details": "0.75kg- 13,99 zł / kg", "description_sections": [{"header": "Składniki i alergeny", "content": "Składniki:ziemniaki (pochodzenie UE),olej palmowy"}, {"header": "Pozostałe informacje", "content": "Nazwa wymagana prawnie:Grubo krojone frytki do piekarnika, wstępnie podsmażone i głęboko zamrożone."}], "images": ["data/images/7f807603c5dc543ba6f1b55ebd731f95.jpg"], "absolute_path": "Dania Gotowe/Dania mrożone/Frytki/Produkt 3"}
{"name": "Produkt 3", "url": "https://zakupy.biedronka.pl/frosta-frosta-kurczak-z-makaronem-po-azjatycku-450-g-0000585926.html", "title": "FRoSTA Kurczak z makaronem po azjatycku 450 g", "brand": "FRoSTA", "price": "12.99 PLN", "packaging_details": "0.45kg- 28,87 zł / kg", "description_sections": [{"header": "Opis produktu", "content": "100 % naturalnego smakuPrzygotowaliśmy dla Ciebie naturalnie pyszne danie - bez barwników, aromatów, wzmacniaczy smaku i innych dodatków do żywności.Za to pełne smaku i najlepszych składników."}, {"header": "Składniki i alergeny", "content": "Alergeny:Może zawierać Seler, \n\nMoże zawierać Skorupiaki, \n\nMoże zawierać Jaja, \n\nMoże zawierać Ryba, \n\nMoże zawierać Mleko, \n\nMoże zawierać Mięczaki, \n\nMoże zawierać Gorczyca, \n\nZawiera Soja, \n\nZawiera Pszenica"}, {"header": "Pozostałe informacje", "content": "Nazwa wymagana prawnie:Makaron w stylu azjatyckim, z warzywami i soczystym kurczakiem, przyprawiony sosem sojowym. Produkt głęboko mrożony."}], "images": ["data/images/9c705172737c11938c9f1ac5519ddf0c.jpg"], "absolute_path": "Dania Gotowe/Dania mrożone/Inne dania/Produkt 3"}
{"name": "Produkt 4", "url": "https://zakupy.biedronka.pl/frosta-frosta-kurczak-z-ryzem-po-meksykansku-450-g-0000585925.html", "title": "FRoSTA Kurczak z ryżem po meksykańsku 450 g", "brand": "FRoSTA", "price": "12.99 PLN", "packaging_details": "0.45kg- 28,87 zł / kg", "description_sections": [{"header": "Opis produktu", "content": "Przygotowaliśmy dla Ciebie naturalnie pyszne danie - bez barwników, aromatów, wzmacniaczy smaku i innych dodatków do żywności. Za to pełne smaku i najlepszych składników.Czy wiesz, że...?Mrożonki nie potrzebują substancji konserwujących, dlatego w naszych daniach ich nie znajdziesz - to proste!"}, {"header": "Składniki i alergeny", "content": "Alergeny:Może zawierać Seler, \n\nMoże zawierać Zboża zawierające gluten, \n\nMoże zawierać Skorupiaki, \n\nMoże zawierać Jaja, \n\nMoże zawierać Ryba, \n\nMoże zawierać Mleko, \n\nMoże zawierać Mięczaki, \n\nMoże zawierać Gorczyca, \n\nMoże zawierać Soja"}, {"header": "Pozostałe informacje", "content": "Nazwa wymagana prawnie:Danie w stylu meksykańskim z ryżem, warzywami i soczystymi kawałkami kurczaka. Produkt głęboko mrożony."}], "images": ["data/images/6d37b02124964c144806565e735b9173.jpg"], "absolute_path": "Dania Gotowe/Dania mrożone/Inne dania/Produkt 4"}
{"name": "Produkt 2", "url": "https://zakupy.biedronka.pl/rio-mare-rio-mare-insalatissime-salatka-z-tunczykiem-meksykanska-z-czerwona-fasola-kukurydza-i-papryka-160-g-0000008250.html", "title": "Rio Mare Insalatissime Sałatka z tuńczykiem meksykańska z czerwoną fasolą kukurydzą i papryką 160 g", "brand": "Rio Mare", "price": "11.39 PLN", "packaging_details": "0.16kg- 71,19 zł / kg", "description_sections": [{"header": "Opis produktu", "content": "Wypróbuj wszystkie smaki Insalatissime Rio Mare: gotowych do spożycia sałatek z tuńczykiem, doskonałych jako danie lub jego dodatek. Tylko najwyższej jakości tuńczyk i starannie wyselekcjonowane składniki. Ciesz się nimi gdziekolwiek zechcesz: w domu, w biurze, w parku czy nad morzem. Rio Mare. Prawdziwy Włoski Smak. Odwiedź www.riomare.pl oraz odkryj wszystkie pyszne przepisy.Subrand:Insalatissime"}, {"header": "Składniki i alergeny", "content": "Składniki:czerwona fasola 25 %,tuńczyk** (ryba) 23 %,kukurydza 22 %,olej kukurydziany 12 %,papryka 6 %,marchew 6 %,sól,aromaty,**Euthynnus (Katsuwonus) pelamisAlergeny:Może zawierać Zboża zawierające gluten, \n\nZawiera RybaInne informacje o zawartości produktu:Smaki / Aromaty:Zawiera, \n\nkonserwanty:Nie zawiera"}, {"header": "Wartość odżywcza", "content": "W 100 gWartość energetyczna197 kcalTłuszcz13 gw tym kwasy tłuszczowe nasycone1.6 gWęglowodany8.3 gw tym cukry1.8 gBiałko10 gSól1.1 g"}, {"header": "Pozostałe informacje", "content": "Dystrybutor:Bolton Polska Sp. z o.o.Plac Konesera 9 03-736 WarszawaNazwa wymagana prawnie:Gotowe danie z warzyw i tuńczyka. Produkt sterylizowany."}], "images": ["data/images/e08c4a541aadd679ce5fb0b9de1d2533.jpg", "data/images/5c14af605d5bb936190ee16fe737e182.jpg"], "absolute_path": "Dania Gotowe/Surówki i sałatki/Sałatki/Produkt 2"}
{"name": "Produkt 2", "url": "https://zakupy.biedronka.pl/go-active-go-active-protein-lunchbox-z-tunczykiem-jajkiem-i-kukurydza-230-g-0000019226.html", "title": "Go Active Protein Lunchbox z tuńczykiem, jajkiem i kukurydzą 230 g", "brand": "Go Active", "price": "10.99 PLN", "packaging_details": "0.23kg- 47,78 zł / kg", "description_sections": [{"header": "Opis produktu", "content": "Nutriscore:B"}, {"header": "Składniki i alergeny", "content": "Składniki:warzywa w zmiennych proporcjach 30,4 % (sałata rzymska, cykoria radicchio), jajo gotowane z chowu ściółkowego 21,7 % (jajo, sól, regulator kwasowości: kwas cytrynowy), kawałkituńczykaw oleju 17,4 % [tuńczyk(Katsuwonus pelamis) 95 %, olej słonecznikowy, sól], sos sałatkowy 13 % (woda, olej rzepakowy, cukier, ocet spirytusowy, skrobia kukurydziana, odtłuszczonemlekow proszku, sól, żółtkojajaw proszku z chowu na wolnym wybiegu, koncentrat soku cytrynowego,gorczyca), kukurydza konserwowa 11 % (kukurydza, cukier, sól),sertwardy podpuszczkowy dojrzewający 6,5 %. Produkt może zawierać: zboża zawierające gluten,seler,soję, nasionasezamu,orzeszki ziemne, inneorzechy,skorupiakiimięczaki.Alergeny:Gorczyca i produkty pochodne, \n\nMleko i produkty pochodne (łącznie z laktozą), \n\nRyby i produkty pochodne, \n\nJaja i produkty pochodneInne informacje o zawartości produktu:Zawiera surowce GMO:Nie, \n\nPoziom znakowania Nutriscore:B"}, {"header": "Wartość odżywcza", "content": "W 100 gWartość energetyczna kcal146 kcalZawartość tłuszczów (ogólnie)11 gKwasy tłuszczowe nasycone2.1 gKwasy tłuszczowe jednonienasycone2.5 gZawartość węglowodanów2.5 gCukry0.9 gZawartość błonnika1.4 gZawartość białek9.9 gZawartość soli0.84 g"}, {"header": "Przechowywanie i sposób przygotowania", "content": "Sposób przygotowania:Bez gotowania"}, {"header": "Pozostałe informacje", "content": "Producent:F.H. Nowalijka Piotr WychowałekImporter:Jeronimo Martins Polska S.A.Żniwna 5 62-025 Kostrzyn PLNazwa wymagana prawnie:SAŁATKA Z JAJKIEM GOTOWANYM, KAWAŁKAMI TUŃCZY- KA W OLEJU, SOSEM SAŁATKOWYM, KUKURYDZĄ KONSERWO- WĄ I SEREM TWARDYM PODPUSZCZKOWYM DOJRZEWAJĄCYM. Wysoka zawartość białka. 27 % energii z białka. Pakowano w atmosferze ochronnej."}], "images": ["data/images/07184b350cffaf09fc7bb772c68b305f.jpg", "data/images/08dfafbad1d9fde9e1a0dcabf2f1795e.jpg", "data/images/d841c3f27dc4992a2938477bd73305c3.jpg", "data/images/c94cea5f4b2227204a4f9f96d52f91c1.jpg"], "absolute_path": "Dania Gotowe/Surówki i sałatki/Lunchboxy/Produkt 2"}
{"name": "Produkt 1", "url": "https://zakupy.biedronka.pl/salato-salato-salatka-z-kurczakiem-kebab-150-g-0000002944.html", "title": "Salato Sałatka z kurczakiem kebab 150 g", "brand": "Salato", "price": "3.29 PLN", "packaging_details": "0.15kg- 21,93 zł / kg", "description_sections": [{"header": "Opis produktu", "content": "Sałatka przygotowana na bazie mięsa z kurczaka, ziemniaków, cebuli, ogórków, kukurydzy oraz kapusty, z dodatkiem szczypiorku, w sosie majonezowym"}, {"header": "Składniki i alergeny", "content": "Składniki:22,2% ziemniaki gotowane, 19,4% mięso z kurczaka, olej rzepakowy, 10% kapusta biała sałatkowa, woda, 7% kukurydza konserwowa, 7% ogórki konserwowe, cukier, ketchup (koncentrat pomidorowy, woda, ocet spirytusowy, cukier, sól, przyprawy i ekstrakty przypraw, regulator kwasowości: kwas cytrynowy), skrobia ziemniaczana, sól, ocet spirytusowy, mielonagorczyca, przyprawy: w tym przyprawa shoarma do kebaba (zawierają:gorczycę), żółtkojaja, szczypiorek suszony, aromat, skrobia modyfikowana, regulator kwasowości (kwas mlekowy), substancje konserwujące (sorbinian potasu, benzoesan sodu).Alergeny:Gorczyca i produkty pochodne, \n\nJaja i produkty pochodneInne informacje o zawartości produktu:Zawiera surowce GMO:Nie"}, {"header": "Wartość odżywcza", "content": "W 100 gWartość energetyczna kcal220 kcalZawartość tłuszczów (ogólnie)17.9 gKwasy tłuszczowe nasycone1.5 gZawartość węglowodanów8.1 gCukry4.6 gZawartość białek5.8 gZawartość soli1.2 g"}, {"header": "Przechowywanie i sposób przygotowania", "content": "Sposób przygotowania:Bez gotowania"}, {"header": "Pozostałe informacje", "content": "Kraj pochodzenia:PolskaKraj pochodzenia zależy od konkretnej partii produktu jaka znajduje się w sklepie. Informację o kraju pochodzenia znajdziesz na opakowaniu. Możesz również dodać komentarz z preferowanym typem produktu w koszyku lub wiadomości dla shoppera (np. “prosze o pomidory polskie”).Producent:Lisner Poznań Sp. z o.o. Sp. k.Importer:Lisner Poznań Sp. z o.o. Sp. k.ul. Strzeszyńska 38/42 60-479 Poznań PLmonika.guzniczak@lisner.cpm.plNazwa wymagana prawnie:Sałatka przygotowana na bazie mięsa z kurczaka, ziemniaków, cebuli, ogórków, kukurydzy oraz kapusty, z dodatkiem szczypiorku, w sosie majonezowym"}], "images": ["data/images/811b8873ed8edc6a5ac1edb4b6875bed.jpg"], "absolute_path": "Dania Gotowe/Surówki i sałatki/Sałatki/Produkt 1"}
{"name": "Produkt 1", "url": "https://zakupy.biedronka.pl/vital-fresh-vital-fresh-lunchbox-w-stylu-cezar-200-g-0000016710.html", "title": "Vital Fresh Lunchbox w stylu cezar 200 g", "brand": "Vital Fresh", "price": "8.39 PLN", "packaging_details": "0.2kg- 41,95 zł / kg", "description_sections": [{"header": "Opis produktu", "content": "Nutriscore:C"}, {"header": "Składniki i alergeny", "content": "Składniki:sałata rzymska 46 %; dressing 30 %: woda, olej rzepakowy,jogurt(zmleka), cukier, czosnek (3,5 %), ocet spirytusowy, żółtkojajakurzego z chowu na wolnym wybiegu, skrobia modyfikowana kukurydziana, sól, przyprawy (zawierajągorczyce), sok cytrynowy z koncentratu soku cytrynowego, kwas (kwas cytrynowy), naturalne aromaty (zawierajągorczyce); pieczone mięso z piersi kurczaka 15 %: mięso z piersi kurczaka (100 g produktu uzyskano ze 118 g mięsa), dekstroza, sól, aromaty;sertwardy dojrzewający 5 % (zmleka); grzanki 4 %: mąkapszenna, olej słonecznikowy, sól, maltodekstryna, dekstroza, zioła, ekstrakt drożdżowy, przyprawy, ekstrakt przypraw, cukier, drożdże. Produkt może zawierać:seler,soję, zboża zawierające gluten, tj.pszenica,żyto,jęczmień,owies,orkisz;ryby, nasionasezamu,orzechy, orzeszkiarachidowe.Alergeny:Gorczyca i produkty pochodne, \n\nMleko i produkty pochodne (łącznie z laktozą), \n\nJaja i produkty pochodne, \n\nZboża zawierajace gluten, \n\nPszenica i produkty z pszenicyInne informacje o zawartości produktu:Zawiera surowce GMO:Nie, \n\nZawiera aromaty:Tak, \n\nZawiera substancje konserwujące:Nie, \n\nPoziom znakowania Nutriscore:C"}, {"header": "Wartość odżywcza", "content": "W 100 gWartość energetyczna kcal127 kcalZawartość tłuszczów (ogólnie)8.5 gKwasy tłuszczowe nasycone1.6 gZawartość węglowodanów4.8 gCukry2.5 gZawartość błonnika1.4 gZawartość białek7 gZawartość soli0.9 g"}, {"header": "Przechowywanie i sposób przygotowania", "content": "Sposób przygotowania:Bez gotowania"}, {"header": "Pozostałe informacje", "content": "Producent:Green Factory Sp. z o.o.Importer:Jeronimo Martins Polska S.A.Żniwna 5 62-025 Kostrzyn PLNazwa wymagana prawnie:LUNCHBOX W STYLU CEZAR Kompozycja świeżej sałaty rzymskiej z pieczonym mięsem z piersi kurczaka, serem twardym, grzankami i dressingiem"}], "images": ["data/images/b42d9379f9505fea7d265d4b7dd4c30c.jpg", "data/images/07d23adf7cdc12598a954061af090450.jpg", "data/images/edbd6182a520fccc5254429f44a069d7.jpg"], "absolute_path": "Dania Gotowe/Surówki i sałatki/Lunchboxy/Produkt 1"}
{"name": "Produkt 5", "url": "https://zakupy.biedronka.pl/lisner-lisner-salatka-warzywno-jajeczna-z-kurkami-500-g-0000004570.html", "title": "Lisner Sałatka warzywno-jajeczna z kurkami 500 g", "brand": "Lisner", "price": "9.39 PLN", "packaging_details": "0.5kg- 18,78 zł / kg", "description_sections": [{"header": "Składniki i alergeny", "content": "Składniki:40 % ziemniaki gotowane,olej rzepakowy,8 % pieczarki konserwowe,7,5 %jajagotowane,woda,4,3 % cebula smażona,cukier,śmietana(śmietana, stabilizator: karagen),2 % kurki konserwowe,2 % cebula marynowana,sól,koncentrat pomidorowy,błonnik,ocet spirytusowy,natka pietruszki,żółtkojaja,szczypiorek,pieprz czarny,ekstrakt z papryki,skrobia modyfikowana,mielonagorczyca,kurkuma,aromat (zawieramleko),regulatory kwasowości (kwas mlekowy, kwas cytrynowy),substancje konserwujące (sorbinian potasu, benzoesan sodu)Alergeny:Może zawierać Seler, \n\nMoże zawierać Zboża zawierające gluten, \n\nMoże zawierać Skorupiaki, \n\nZawiera Jaja, \n\nMoże zawierać Ryba, \n\nZawiera Mleko, \n\nZawiera Gorczyca, \n\nMoże zawierać SojaInne informacje o zawartości produktu:Smaki / Aromaty:Zawiera, \n\nkonserwanty:Zawiera"}, {"header": "Wartość odżywcza", "content": "W 100 gWartość energetyczna245 kcalTłuszcz20 gw tym kwasy tłuszczowe nasycone2 gWęglowodany13 gw tym cukry5.5 gBiałko2.4 gSól1.3 g"}, {"header": "Pozostałe informacje", "content": "Producent:Lisner Poznań sp. z o.o. sp. k,\nul. Strzeszyńska 38\\42,\n60-479 Poznań,\nPolskaDystrybutor:Jeronimo Martins Polska S.A.Żniwna 5 62-025 Kostrzyn PLImporter:Jeronimo Martins Polska S.A.Żniwna 5 62-025 Kostrzyn PLNazwa wymagana prawnie:Sałatka warzywno-jajeczna z grzybami."}], "images": ["data/images/36093ba5641078945233b5ce4e10af3c.jpg"], "absolute_path": "Dania Gotowe/Surówki i sałatki/Sałatki/Produkt 5"}
{"name": "Produkt 4", "url": "https://zakupy.biedronka.pl/salato-salato-salatka-ziemniaczana-z-boczkiem-150-g-0000002942.html", "title": "Salato Sałatka ziemniaczana z boczkiem 150 g", "brand": "Salato", "price": "3.29 PLN", "packaging_details": "0.15kg- 21,93 zł / kg", "description_sections": [{"header": "Opis produktu", "content": "Sałatka przygotowana na bazie ziemniaków i boczku wędzonego,  z dodatkiem szczypiorku, w sosie majonezowym"}, {"header": "Składniki i alergeny", "content": "Składniki:48% ziemniaki gotowane, olej rzepakowy, 12% boczek wędzony [mięso wieprzowe (wyprodukowano ze 112g mięsa), olej rzepakowy, sól, dekstroza, syrop glukozowy, cukier, przeciwutleniacze (askorbinian sodu, kwas askorbinowy), substancja konserwująca (azotyn sodu), aromat dymu wędzarniczego], 9% cebula marynowana, woda, cukier, sól, ocet spirytusowy, mielonagorczyca, kurkuma, 0,4% szczypiorek suszony, żółtkojaja, regulator kwasowości (kwas mlekowy), substancje konserwujące (sorbinian potasu, benzoesan sodu).Alergeny:Gorczyca i produkty pochodne, \n\nJaja i produkty pochodneInne informacje o zawartości produktu:Zawiera surowce GMO:Nie"}, {"header": "Wartość odżywcza", "content": "W 100 gWartość energetyczna kcal246 kcalZawartość tłuszczów (ogólnie)21.1 gKwasy tłuszczowe nasycone2 gZawartość węglowodanów9 gCukry3.3 gZawartość białek4.1 gZawartość soli1.1 g"}, {"header": "Przechowywanie i sposób przygotowania", "content": "Sposób przygotowania:Bez gotowania"}, {"header": "Pozostałe informacje", "content": "Kraj pochodzenia:PolskaKraj pochodzenia zależy od konkretnej partii produktu jaka znajduje się w sklepie. Informację o kraju pochodzenia znajdziesz na opakowaniu. Możesz również dodać komentarz z preferowanym typem produktu w koszyku lub wiadomości dla shoppera (np. “prosze o pomidory polskie”).Producent:Lisner Poznań Sp. z o.o. Sp. k.Importer:Lisner Poznań Sp. z o.o. Sp. k.ul. Strzeszyńska 38/42 60-479 Poznań PLmonika.guzniczak@lisner.cpm.plNazwa wymagana prawnie:Sałatka przygotowana na bazie ziemniaków i boczku wędzonego,  z dodatkiem szczypiorku, w sosie majonezowym"}], "images": ["data/images/679eca9d8bcfcecf8692675b0120d92a.jpg"], "absolute_path": "Dania Gotowe/Surówki i sałatki/Sałatki/Produkt 4"}
{"name": "Produkt 7", "url": "https://zakupy.biedronka.pl/lisner-lisner-jajko-salatka-warzywna-z-jajkiem-500-g-0000011391.html", "title": "Lisner Jajko sałatka warzywna z jajkiem 500 g", "brand": "Lisner", "price": "5.99 PLN", "packaging_details": "0.5kg- 11,98 zł / kg", "description_sections": [{"header": "Opis produktu", "content": "Tradycyjna sałatka z ziemniakami, marchewką, ogórkiem,  jajkiem, selerem oraz szczypiorkiem to pożywne, smaczne danie, które może być przekąską lub składnikiem dowolnych posiłków, serwowanych o każdej porze dnia. Jej smak znany jest od lat wszystkim miłośnikom polskiej kuchni."}, {"header": "Składniki i alergeny", "content": "Składniki:35,5 % ziemniaki gotowane, olej rzepakowy, 19,4 % marchew gotowana, woda, 7,3 %selergotowany, 4,5 %jajagotowane, cukier, sól, mielonagorczyca, ocet spirytusowy, kurkuma, 0,4 % szczypiorek, żółtkojaja, pieprz, ekstrakt z marchwi, regulatory kwasowości (kwas mlekowy, octany sodu, mleczan sodu), substancje konserwujące (sorbinian potasu, benzoesan sodu).Produkt może zawierać:ryby,skorupiaki,mleko, gluten isoję."}, {"header": "Pozostałe informacje", "content": "Kraj pochodzenia:PolskaKraj pochodzenia zależy od konkretnej partii produktu jaka znajduje się w sklepie. Informację o kraju pochodzenia znajdziesz na opakowaniu. Możesz również dodać komentarz z preferowanym typem produktu w koszyku lub wiadomości dla shoppera (np. “prosze o pomidory polskie”).Nazwa wymagana prawnie:Sałatka warzywna z jajkiem."}], "images": ["data/images/e95c94c17f2aad94fa512e5ccf20185b.jpg"], "absolute_path": "Dania Gotowe/Surówki i sałatki/Sałatki/Produkt 7"}
{"name": "Produkt 6", "url": "https://zakupy.biedronka.pl/rio-mare-rio-mare-insalatissime-salatka-z-tunczykiem-kuskus-z-ciecierzyca-groszkiem-i-pomidorkami-160-g-0000008251.html", "title": "Rio Mare Insalatissime Sałatka z tuńczykiem kuskus z ciecierzycą groszkiem i pomidorkami 160 g", "brand": "Rio Mare", "price": "11.39 PLN", "packaging_details": "0.16kg- 71,19 zł / kg", "description_sections": [{"header": "Opis produktu", "content": "Wypróbuj wszystkie smaki Insalatissime Rio Mare: gotowych do spożycia sałatek z tuńczykiem, doskonałych jako danie lub jego dodatek. Tylko najwyższej jakości tuńczyk i starannie wyselekcjonowane składniki. Ciesz się nimi gdziekolwiek zechcesz: w domu, w biurze, w parku czy nad morzem. Rio Mare. Prawdziwy Włoski Smak. Odwiedź www.riomare.pl oraz odkryj wszystkie pyszne przepisy.Subrand:Insalatissime"}, {"header": "Składniki i alergeny", "content": "Składniki:kuskus (semolina zpszenicydurum) 35 %,tuńczyk** (ryba) 23 %,olej kukurydziany,ciecierzyca 6 %,marchew,groszek zielony 6 %,papryka,pomidorki koktajlowe 3 %,cebula,aromaty,sól,syrop glukozowy,**Euthynnus (Katsuwonus) pelamisAlergeny:Zawiera Ryba, \n\nMoże zawierać Gorczyca, \n\nMoże zawierać Soja, \n\nZawiera PszenicaInne informacje o zawartości produktu:Smaki / Aromaty:Zawiera, \n\nkonserwanty:Nie zawiera, \n\nSyrop glukozowy lub glukozowo-fruktozowy:Zawiera"}, {"header": "Wartość odżywcza", "content": "W 100 gWartość energetyczna244 kcalTłuszcz16 gw tym kwasy tłuszczowe nasycone2.7 gWęglowodany15 gw tym cukry1 gBiałko9 gSól1.1 g"}, {"header": "Pozostałe informacje", "content": "Dystrybutor:Bolton Polska Sp. z o.o.03-736 WarszawaNazwa wymagana prawnie:Gotowe danie z warzyw i tuńczyka. Produkt sterylizowany."}], "images": ["data/images/4183da9fb130a63907dcdde395f25d6f.jpg", "data/images/70412a16efa332efd7cfa61e64c676c0.jpg"], "absolute_path": "Dania Gotowe/Surówki i sałatki/Sałatki/Produkt 6"}
{"name": "Produkt 3", "url": "https://zakupy.biedronka.pl/salato-salato-salatka-z-indykiem-i-brzoskwinia-150-g-0000002943.html", "title": "Salato Sałatka z indykiem i brzoskwinią 150 g", "brand": "Salato", "price": "3.29 PLN", "packaging_details": "0.15kg- 21,93 zł / kg", "description_sections": [{"header": "Opis produktu", "content": "Sałatka przygotowana na bazie wędliny z indyka, ryżu orazwarzyw, z dodatkiem brzoskwini i szczypiorku, w sosie majonezowym"}, {"header": "Składniki i alergeny", "content": "Składniki:olej rzepakowy, 17% ryż gotowany, 16,1% mięso z indyka, 9%selergotowany, 8% brzoskwinie z syropu, 8% cebula marynowana, 7% marchew gotowana, woda, cukier, sól, ocet spirytusowy, mielonagorczyca, skrobia ziemniaczana, błonnik, maltodekstryna, przyprawy, aromat, żółtkojaja, szczypiorek suszony, skrobia modyfikowana, substancje konserwujące (sorbinian potasu, benzoesan sodu), regulator kwasowości (kwas mlekowy).Alergeny:Gorczyca i produkty pochodne, \n\nSeler i produkty pochodne, \n\nJaja i produkty pochodneInne informacje o zawartości produktu:Zawiera surowce GMO:Nie"}, {"header": "Wartość odżywcza", "content": "W 100 gWartość energetyczna kcal240 kcalZawartość tłuszczów (ogólnie)20.2 gKwasy tłuszczowe nasycone1.8 gZawartość węglowodanów9.2 gCukry4.5 gZawartość białek4.7 gZawartość soli1.1 g"}, {"header": "Przechowywanie i sposób przygotowania", "content": "Sposób przygotowania:Bez gotowania"}, {"header": "Pozostałe informacje", "content": "Kraj pochodzenia:PolskaKraj pochodzenia zależy od konkretnej partii produktu jaka znajduje się w sklepie. Informację o kraju pochodzenia znajdziesz na opakowaniu. Możesz również dodać komentarz z preferowanym typem produktu w koszyku lub wiadomości dla shoppera (np. “prosze o pomidory polskie”).Producent:Lisner Poznań Sp. z o.o. Sp. k.Importer:Lisner Poznań Sp. z o.o. Sp. k.ul. Strzeszyńska 38/42 60-479 Poznań PLmonika.guzniczak@lisner.cpm.plNazwa wymagana prawnie:Sałatka przygotowana na bazie wędliny z indyka, ryżu oraz warzyw, z dodatkiem brzoskwini i szczypiorku, w sosie majonezowym"}], "images": ["data/images/bbd5de984448394b21802e032b02d405.jpg"], "absolute_path": "Dania Gotowe/Surówki i sałatki/Sałatki/Produkt 3"}
{"name": "Produkt 10", "url": "https://zakupy.biedronka.pl/lisner-lisner-salatka-gyros-z-kurczakiem-500-g-0000004569.html", "title": "Lisner Sałatka gyros z kurczakiem 500 g", "brand": "Lisner", "price": "9.39 PLN", "packaging_details": "0.5kg- 18,78 zł / kg", "description_sections": [{"header": "Składniki i alergeny", "content": "Składniki:24 % ziemniaki gotowane,23,8 % warzywa konserwowe (8,3 % kukurydza, 7,5 % ogórki, 5 % cebula, 3 % czerwona papryka),18 % gyros z kurczaka [mięso z uda kurczaka bez skóry, skrobia, sól, stabilizator (trifosforany), substancja zagęszczająca (karagen)],olej rzepakowy,woda,cukier,koncentrat pomidorowy,sól,przyprawy zioła (zawieragorczycę),żółtkojaja,ocet spirytusowy,regulatory kwasowości (kwas mlekowy, kwas cytrynowy),substancja zagęszczająca (guma ksantanowa),substancje konserwujące (sorbinian potasu, benzoesan sodu)Alergeny:Może zawierać Seler, \n\nMoże zawierać Zboża zawierające gluten, \n\nMoże zawierać Skorupiaki, \n\nZawiera Jaja, \n\nMoże zawierać Ryba, \n\nMoże zawierać Mleko, \n\nZawiera Gorczyca, \n\nMoże zawierać SojaInne informacje o zawartości produktu:konserwanty:Zawiera"}, {"header": "Wartość odżywcza", "content": "W 100 gWartość energetyczna236 kcalTłuszcz19 gw tym kwasy tłuszczowe nasycone1.8 gWęglowodany11 gw tym cukry5.1 gBiałko4.6 gSól1.2 g"}, {"header": "Przechowywanie i sposób przygotowania", "content": "Sposób podania:Po otwarciu - produkt przeznaczony do bezpośredniego spożycia."}, {"header": "Pozostałe informacje", "content": "Producent:Lisner Poznań sp. z o.o. sp. k.,\nul. Strzeszyńska 38\\42,\n60-479 Poznań,\nPolskaDystrybutor:Lisner Poznań sp. z o.o. sp. k.ul. Strzeszyńska 38/42 60-479 PoznańNazwa wymagana prawnie:Sałatka z pieczonym mięsem z kurczaka, ziemniakami, kukurydzą i cebulą."}], "images": ["data/images/c037065dc420313fbb6b0db131c58dc7.jpg"], "absolute_path": "Dania Gotowe/Surówki i sałatki/Sałatki/Produkt 10"}
{"name": "Produkt 9", "url": "https://zakupy.biedronka.pl/evrafish-evrafish-high-protein-salatka-z-tunczykiem-w-stylu-meksykanskim-160-g-0000800595.html", "title": "EvraFish High Protein Sałatka z tuńczykiem w stylu meksykańskim 160 g", "brand": "EvraFish", "price": "9.99 PLN", "packaging_details": "0.16szt.- 62,44 zł / szt", "description_sections": [{"header": "Składniki i alergeny", "content": "Alergeny:Może zawierać Jęczmień, \n\nMoże zawierać Seler, \n\nMoże zawierać Zboża zawierające gluten, \n\nMoże zawierać Jaja, \n\nZawiera Ryba, \n\nMoże zawierać Mleko, \n\nMoże zawierać Gorczyca, \n\nMoże zawierać Owies, \n\nZawiera Soja, \n\nMoże zawierać Pszenica"}, {"header": "Wartość odżywcza", "content": "W 100 gWartość energetyczna173 kcalTłuszcz9.1 gw tym kwasy tłuszczowe nasycone0.9 gWęglowodany6.8 gw tym cukry3.8 gBiałko14 gSól0.65 g"}, {"header": "Pozostałe informacje", "content": "Producent:EvraFish Sp. z o.o.\nul. Gdańska 9,\n89-632 Brusy\nPolskaDystrybutor:Jeronimo Martins Polska S.A.Żniwna 5 62-025 Kostrzyn PLImporter:Jeronimo Martins Polska S.A.Żniwna 5 62-025 Kostrzyn PLMiejsce Połowu:Środkowo-wschodni Pacyfik,Wschodni Ocean Indyjski,Południowo-wschodni Pacyfik,Południowo-zachodni Pacyfik,Środkowo-zachodni Pacyfik,Zachodni Ocean IndyjskiNarzędzie połowu:sieci okrążające - z okrężnicamiNazwa wymagana prawnie:Sałatka z tuńczykiem w stylu meksykańskim. Konserwa rybna sterylizowana."}], "images": ["data/images/04e6bafae6085f20395b2a130fe71023.jpg"], "absolute_path": "Dania Gotowe/Surówki i sałatki/Sałatki/Produkt 9"}
{"name": "Produkt 2", "url": "https://zakupy.biedronka.pl/salato-salato-pasta-z-lososiem-80-g-0000000954.html", "title": "Salato Pasta z łososiem 80 g", "brand": "Salato", "price": "2.89 PLN", "packaging_details": "0.08kg- 36,13 zł / kg", "description_sections": [{"header": "Składniki i alergeny", "content": "Składniki:olej rzepakowy, 23,5%łosośwędzony, woda, cukier, żółtkojaja, ocet spirytusowy, mielonagorczyca, kurkuma, sól, mieszanka przyprawowa (zawiera:seler, wzmacniacz smaku: E621; barwnik: ryboflawiny), 0,2% szczypiorek suszony, regulatory kwasowości (kwas mlekowy, kwas cytrynowy), substancje zagęszczające (guma guar, guma ksantanowa), substancje konserwujące (sorbinian potasu, benzoesan sodu), ekstrakt z papryki. Produkt może zawieraćskorupiaki,mleko, gluten,sojęisezam.Alergeny:Gorczyca i produkty pochodne, \n\nSeler i produkty pochodne, \n\nRyby i produkty pochodne, \n\nJaja i produkty pochodneInne informacje o zawartości produktu:Zawiera surowce GMO:Nie, \n\nZawiera wzmacniacze smaku:Tak, \n\nZawiera barwniki:Tak, \n\nZawiera substancje konserwujące:Tak, \n\nDodatki zawarte w produkcie (E-symbole):E101 Ryboflawina, E202 Sorbinian potasu, E211 Benzoesan sodu, E415 Guma ksantanowa, E412 Guma guar, E270 Kwas mlekowy, E330 Kwas cytrynowy, E621 Glutaminian monosodowy, \n\nFunkcje dodatków obecnych w produkcie (zadeklarowanych jako dodatki lub numery E):Regulator kwasowości, Barwnik, Wzmacniacz smaku, Substancja zagęszczająca, Substancja konserwująca"}, {"header": "Wartość odżywcza", "content": "W 100 gWartość energetyczna kcal512 kcalZawartość tłuszczów (ogólnie)51.9 gKwasy tłuszczowe nasycone4.4 gZawartość węglowodanów6 gCukry5.5 gZawartość błonnika1.2 gZawartość białek4.7 gZawartość soli1.8 g"}, {"header": "Pozostałe informacje", "content": "Producent:Lisner Poznań sp. z o.o.k.Importer:Jeronimo Martins Polska S.A.Żniwna 5 62-025 Kostrzyn PLNazwa wymagana prawnie:Pasta z łososiem i szczypiorkiem"}], "images": ["data/images/01e8189c0c3f91f59c81483648357186.jpg"], "absolute_path": "Dania Gotowe/Surówki i sałatki/Pasty/Produkt 2"}
{"name": "Produkt 1", "url": "https://zakupy.biedronka.pl/salato-salato-pasta-jajeczna-ze-szczypiorkiem-80-g-0000002369.html", "title": "Salato Pasta jajeczna ze szczypiorkiem 80 g", "brand": "Salato", "price": "2.79 PLN", "packaging_details": "0.08kg- 34,88 zł / kg", "description_sections": [{"header": "Składniki i alergeny", "content": "Składniki:50%jajagotowane, olej rzepakowy, woda, cukier, sól, żółtkojaja, ocet spirytusowy, mielonagorczyca, kurkuma, chrzan tarty, 0,4% szczypiorek, błonnik, glukoza, mieszanka przyprawowa [sól, maltodekstryna, suszone warzywa (w tymseler), ekstrakt drożdży, cukier, pieprz, ekstrakt przypraw], ekstrakt z papryki, regulator kwasowości (kwas mlekowy), substancje konserwujące (sorbinian potasu, benzoesan sodu). Produkt może zawieraćryby,skorupiaki,soję, gluten,mlekoisezam.Alergeny:Gorczyca i produkty pochodne, \n\nSeler i produkty pochodne, \n\nJaja i produkty pochodneInne informacje o zawartości produktu:Zawiera surowce GMO:Nie, \n\nZawiera substancje konserwujące:Tak, \n\nDodatki zawarte w produkcie (E-symbole):E202 Sorbinian potasu, E211 Benzoesan sodu, E270 Kwas mlekowy, \n\nFunkcje dodatków obecnych w produkcie (zadeklarowanych jako dodatki lub numery E):Regulator kwasowości, Substancja konserwująca"}, {"header": "Wartość odżywcza", "content": "W 100 gWartość energetyczna kcal392 kcalZawartość tłuszczów (ogólnie)37.9 gKwasy tłuszczowe nasycone2.9 gZawartość węglowodanów4.3 gCukry4.2 gZawartość błonnika1.4 gZawartość białek7.7 gZawartość soli1 g"}, {"header": "Pozostałe informacje", "content": "Producent:Lisner Poznań sp. z o.o.k.Importer:Jeronimo Martins Polska S.A.Żniwna 5 62-025 Kostrzyn PLNazwa wymagana prawnie:Pasta jajeczna ze szczypiorkiem"}], "images": ["data/images/d8c0b7ce481a872fca1a1920edc86227.jpg", "data/images/21fcff550c5d002c9253cbcc4a456555.jpg", "data/images/d5a50e10b5e55d585bc6a32998e8f30e.jpg", "data/images/0063ee409c4eb3b693f08ce9298f500b.jpg"], "absolute_path": "Dania Gotowe/Surówki i sałatki/Pasty/Produkt 1"}
{"name": "Produkt 8", "url": "https://zakupy.biedronka.pl/lisner-lisner-groszek-salatka-warzywna-z-groszkiem-500-g-0000011392.html", "title": "Lisner Groszek sałatka warzywna z groszkiem 500 g", "brand": "Lisner", "price": "5.99 PLN", "packaging_details": "0.5kg- 11,98 zł / kg", "description_sections": [{"header": "Opis produktu", "content": "Sałatka warzywna z groszkiem to smaczne i zdrowe danie, które może być przekąską lub składnikiem dowolnych posiłków, serwowanych o każdej porze dnia. Kawałki ziemniaków, marchewki, selera i groszku z dodatkiem mieszanki przypraw nadają sałatce wyrazisty, domowy smak."}, {"header": "Składniki i alergeny", "content": "Składniki:24 % ziemniaki gotowane, 18 % marchew gotowana, olej rzepakowy, 9 % groszek konserwowy, 8 %selergotowany, woda,jajagotowane, 4 % por, 3 % ogórek konserwowy, cukier, sól, natka pietruszki, ocet spirytusowy, żółtkojaja, skrobia modyfikowana, mielonagorczyca, przyprawy, regulator kwasowości (kwas mlekowy), substancje konserwujące (sorbinian potasu, benzoesan sodu)Produkt może zawierać:skorupiaki,rybę,soję,mlekoi gluten."}, {"header": "Pozostałe informacje", "content": "Kraj pochodzenia:PolskaKraj pochodzenia zależy od konkretnej partii produktu jaka znajduje się w sklepie. Informację o kraju pochodzenia znajdziesz na opakowaniu. Możesz również dodać komentarz z preferowanym typem produktu w koszyku lub wiadomości dla shoppera (np. “prosze o pomidory polskie”).Nazwa wymagana prawnie:Sałatka warzywna z groszkiem"}], "images": ["data/images/ae017354fec7f86bfacfac1c6efe00b6.jpg"], "absolute_path": "Dania Gotowe/Surówki i sałatki/Sałatki/Produkt 8"}
{"name": "Produkt 4", "url": "https://zakupy.biedronka.pl/salato-salato-pasta-z-tunczykiem-80-g-0000000955.html", "title": "Salato Pasta z tuńczykiem 80 g", "brand": "Salato", "price": "2.89 PLN", "packaging_details": "0.08kg- 36,13 zł / kg", "description_sections": [{"header": "Składniki i alergeny", "content": "Składniki:35,8%tuńczyk, olej rzepakowy,17,4% ogórek konserwowy, woda, cukier, koncentrat pomidorowy, sól, ocet spirytusowy, mielonagorczyca, kurkuma, żółtkojaja, regulatory kwasowości (kwas mlekowy, kwas cytrynowy), substancje zagęszczające (guma guar, guma ksantanowa), substancje konserwujące (sorbinian potasu, benzoesan sodu), ekstrakt z papryki, substancja słodząca (sacharyny). Produkt może zawierać:skorupiaki,mleko, gluten,soję,sezamiseler.Alergeny:Gorczyca i produkty pochodne, \n\nRyby i produkty pochodne, \n\nJaja i produkty pochodneInne informacje o zawartości produktu:Zawiera surowce GMO:Nie, \n\nInformacje szczegółowe dotyczące środków słodzących:zawiera cukier (cukry) i substancję słodzącą, zawiera substancję słodzącą, \n\nZawiera substancje konserwujące:Tak, \n\nDodatki zawarte w produkcie (E-symbole):E202 Sorbinian potasu, E211 Benzoesan sodu, E270 Kwas mlekowy, E330 Kwas cytrynowy, E412 Guma guar, E415 Guma ksantanowa, E954 Sacharyna i jej sole- sodowa, potasowa i wapniowa, \n\nFunkcje dodatków obecnych w produkcie (zadeklarowanych jako dodatki lub numery E):Regulator kwasowości, Substancja konserwująca, Substancja zagęszczająca, Substancja słodząca"}, {"header": "Wartość odżywcza", "content": "W 100 gWartość energetyczna kcal301 kcalZawartość tłuszczów (ogólnie)27.4 gKwasy tłuszczowe nasycone2.5 gZawartość węglowodanów3.7 gCukry3.3 gZawartość błonnika2.2 gZawartość białek8.8 gZawartość soli2 g"}, {"header": "Pozostałe informacje", "content": "Producent:Lisner Poznań sp. z o.o.k.Importer:Jeronimo Martins Polska S.A.Żniwna 5 62-025 Kostrzyn PLNazwa wymagana prawnie:Pasta z tuńczykiem. Zawiera cukier i substancję słodzącą."}], "images": ["data/images/799224f62d492329f87735fa27502df1.jpg"], "absolute_path": "Dania Gotowe/Surówki i sałatki/Pasty/Produkt 4"}
{"name": "Produkt 6", "url": "https://zakupy.biedronka.pl/salato-salato-pasta-jajeczna-z-oliwkami-80-g-0000002371.html", "title": "Salato Pasta jajeczna z oliwkami 80 g", "brand": "Salato", "price": "2.79 PLN", "packaging_details": "0.08kg- 34,88 zł / kg", "description_sections": [{"header": "Opis produktu", "content": "Sałatka o wysokim stopniu rozdrobnienia (pasta sałatkowa) przygotowana na bazie oliwek (czarnych i zielonych), ogórka, cebuli i sosu sałatkowego."}, {"header": "Składniki i alergeny", "content": "Składniki:Olej rzepakowy, 10% oliwki zielone, 10% oliwki czarne, woda, ogórek konserwowy, cukier, cebula marynowana, papryka czerwona konserwowa, sól, błonnik, glukoza, żółtkojaja, mielonagorczyca, ocet spirytusowy, przyprawy, mieszanka przyprawowa [sól, maltodekstryna, suszone warzywa (w tymseler), ekstrakt drożdży, cukier, ekstrakt przypraw], natka pietruszki, regulator kwasowości (kwas mlekowy), substancje konserwujące (sorbinian potasu, benzoesan sodu).Alergeny:Gorczyca i produkty pochodne, \n\nSeler i produkty pochodne, \n\nJaja i produkty pochodneInne informacje o zawartości produktu:Zawiera surowce GMO:Nie"}, {"header": "Wartość odżywcza", "content": "W 100 gWartość energetyczna kcal448 kcalZawartość tłuszczów (ogólnie)47.7 gKwasy tłuszczowe nasycone3.8 gZawartość węglowodanów7.4 gCukry7.2 gZawartość białek1.1 gZawartość soli1.3 g"}, {"header": "Pozostałe informacje", "content": "Kraj pochodzenia:PolskaKraj pochodzenia zależy od konkretnej partii produktu jaka znajduje się w sklepie. Informację o kraju pochodzenia znajdziesz na opakowaniu. Możesz również dodać komentarz z preferowanym typem produktu w koszyku lub wiadomości dla shoppera (np. “prosze o pomidory polskie”).Producent:Lisner Poznań Sp. z o.o. Sp. k.Dystrybutor:Lisner Poznań Sp. z o.o. Sp. k.ul. Strzeszyńska 38/42 60-479 PoznańImporter:Lisner Poznań Sp. z o.o. Sp. k.ul. Strzeszyńska 38/42 60-479 Poznań PLmonika.guzniczak@lisner.cpm.plNazwa wymagana prawnie:Sałatka o wysokim stopniu rozdrobnienia (pasta sałatkowa) przygotowana na bazie oliwek (czarnych i zielonych), ogórka, cebuli i sosu sałatkowego"}], "images": ["data/images/fe03fb2c06c1eebc9fc34df3d462684b.jpg"], "absolute_path": "Dania Gotowe/Surówki i sałatki/Pasty/Produkt 6"}
{"name": "Produkt 7", "url": "https://zakupy.biedronka.pl/go-vege-go-vege-pasta-warzywna-biala-fasola-siemie-lniane-180-g-0000007900.html", "title": "Go Vege Pasta warzywna biała fasola, siemię lniane 180 g", "brand": "Go Vege", "price": "5.75 PLN", "packaging_details": "0.18kg- 31,94 zł / kg", "description_sections": [{"header": "Składniki i alergeny", "content": "Składniki:fasola biała 35%,seler, olej rzepakowy, woda, cebula, cebula suszona, nasiona słonecznika, koncentrat soku jabłkowego, sól, koncentrat soku z cytryny, siemię lniane 0,24%, pieprz czarny mielony, kminek mielony. Produkt może zawieraćgorczycę.Alergeny:Seler i produkty pochodneInne informacje o zawartości produktu:Zawiera surowce GMO:Nie, \n\nDodatkowe informacje na temat produktu:Odpowiedni dla wegan."}, {"header": "Wartość odżywcza", "content": "W 100 gWartość energetyczna kcal220 kcalZawartość tłuszczów (ogólnie)17 gKwasy tłuszczowe nasycone1.5 gZawartość węglowodanów9.4 gCukry4.3 gZawartość błonnika5.7 gZawartość białek3.8 gZawartość soli1.3 g"}, {"header": "Pozostałe informacje", "content": "Producent:Jeronimo Martins Polska S.A.Dystrybutor:Jeronimo Martins Polska S.A.Żniwna 5 62-025 KostrzynImporter:Jeronimo Martins Polska S.A.Żniwna 5 62-025 Kostrzyn PLNazwa wymagana prawnie:Pasta z białej fasoli z siemieniem lnianym. Produkt sterylizowany."}], "images": ["data/images/5ef04335a8d590316c53975f19bfcce9.jpg", "data/images/7e6f14b7e86aac4d5bcd502596089be2.jpg", "data/images/86fb3bc529f6b71f71b1d86b2e6a13b0.jpg"], "absolute_path": "Dania Gotowe/Surówki i sałatki/Pasty/Produkt 7"}
{"name": "Produkt 3", "url": "https://zakupy.biedronka.pl/go-vege-go-vege-pasta-warzywna-suszone-pomidory-zurawina-180-g-0000007898.html", "title": "Go Vege Pasta warzywna suszone pomidory, żurawina 180 g", "brand": "Go Vege", "price": "5.75 PLN", "packaging_details": "0.18kg- 31,94 zł / kg", "description_sections": [{"header": "Składniki i alergeny", "content": "Składniki:fasola biała, woda, dynia, olej rzepakowy, koncentrat pomidorowy 7,7%, pomidor suszony 3,8% (pomidor suszony, sól), żurawina suszona 3,2% (żurawina suszona, cukier trzcinowy, olej słonecznikowy), sól, zioła, czosnek suszony, bazylia suszona 0,22%, cebula suszona. Produkt może zawieraćgorczycę,seler.Inne informacje o zawartości produktu:Zawiera surowce GMO:Nie, \n\nDodatkowe informacje na temat produktu:Odpowiedni dla wegan."}, {"header": "Wartość odżywcza", "content": "W 100 gWartość energetyczna kcal212 kcalZawartość tłuszczów (ogólnie)17 gKwasy tłuszczowe nasycone1.3 gZawartość węglowodanów9.7 gCukry6.3 gZawartość błonnika4.5 gZawartość białek3.3 gZawartość soli1.2 g"}, {"header": "Pozostałe informacje", "content": "Producent:Jeronimo Martins Polska S.A.Dystrybutor:Jeronimo Martins Polska S.A.Żniwna 5 62-025 KostrzynImporter:Jeronimo Martins Polska S.A.Żniwna 5 62-025 Kostrzyn PLNazwa wymagana prawnie:Pasta z suszonymi pomidorami i żurawiną. Produkt sterylizowany."}], "images": ["data/images/f6e9fc20a3c9ad8ebb7206250a0baa0b.jpg", "data/images/b596fa356399d37640f07633cff9e7bf.jpg", "data/images/81f452a5f245471066baee341509d5ef.jpg"], "absolute_path": "Dania Gotowe/Surówki i sałatki/Pasty/Produkt 3"}
{"name": "Produkt 5", "url": "https://zakupy.biedronka.pl/salato-salato-pasta-jajeczna-suszone-pomidory-80-g-0000002370.html", "title": "Salato Pasta jajeczna suszone pomidory 80 g", "brand": "Salato", "price": "2.79 PLN", "packaging_details": "0.08kg- 34,88 zł / kg", "description_sections": [{"header": "Opis produktu", "content": "Sałatka o wysokim stopniu rozdrobnienia (pasta sałatkowa) przygotowana na bazie pomidorów i sosu sałatkowego"}, {"header": "Składniki i alergeny", "content": "Składniki:olej rzepakowy, 12% suszone pomidory, 11% pomidory konserwowe, woda, cukier, cebula marynowana, koncentrat pomidorowy, sól, błonnik, żółtkojaja, glukoza, mielonagorczyca, ocet spirytusowy, przyprawy (w tym bazylia, pieprz), mieszanka przyprawowa [sól, maltodekstryna, suszone warzywa (w tymseler), ekstrakt drożdży, cukier, ekstrakt przypraw], ekstrakt z papryki, aromat, regulator kwasowości (kwas mlekowy), substancje konserwujące (sorbinian potasu, benzoesan sodu).Alergeny:Gorczyca i produkty pochodne, \n\nMleko i produkty pochodne (łącznie z laktozą), \n\nRyby i produkty pochodne, \n\nJaja i produkty pochodneInne informacje o zawartości produktu:Zawiera surowce GMO:Nie"}, {"header": "Wartość odżywcza", "content": "W 100 gWartość energetyczna kcal501 kcalZawartość tłuszczów (ogólnie)50.6 gKwasy tłuszczowe nasycone3.7 gZawartość węglowodanów7.2 gCukry6.8 gZawartość białek1.9 gZawartość soli1.4 g"}, {"header": "Pozostałe informacje", "content": "Kraj pochodzenia:PolskaKraj pochodzenia zależy od konkretnej partii produktu jaka znajduje się w sklepie. Informację o kraju pochodzenia znajdziesz na opakowaniu. Możesz również dodać komentarz z preferowanym typem produktu w koszyku lub wiadomości dla shoppera (np. “prosze o pomidory polskie”).Producent:Lisner Poznań Sp. z o.o. Sp. k.Importer:Lisner Poznań Sp. z o.o. Sp. k.ul. Strzeszyńska 38/42 60-479 Poznań PLmonika.guzniczak@lisner.cpm.plNazwa wymagana prawnie:Sałatka o wysokim stopniu rozdrobnienia (pasta sałatkowa) przygotowana na bazie pomidorów i sosu sałatkowego"}], "images": ["data/images/ab167111cfc0984c2d68e8aa39d4da0d.jpg"], "absolute_path": "Dania Gotowe/Surówki i sałatki/Pasty/Produkt 5"}
{"name": "Produkt 3", "url": "https://zakupy.biedronka.pl/hellena-hellena-zero-cukru-oranzada-czerwona-125-l-0000008358.html", "title": "Hellena Zero Cukru Oranżada czerwona 1,25 l", "brand": "Hellena", "price": "4.79 PLN", "packaging_details": "1.25l- 3,83 zł / l", "description_sections": [{"header": "Opis produktu", "content": "Oranżada Hellena Czerwona bez dodatku cukru o pojemności 1,25l."}, {"header": "Składniki i alergeny", "content": "Składniki:woda,dwutlenek węgla,regulatory kwasowości: kwas cytrynowy, kwas jabłkowy,koncentrat z czarnej marchwi,aromaty,substancje słodzące: sukraloza, cyklaminiany, neohesperydyna DC,substancja konserwująca: sorbinian potasuInne informacje o zawartości produktu:Zawiera surowce GMO:Nie"}, {"header": "Wartość odżywcza", "content": "W 100 mlWartość energetyczna kcal1 kcalZawartość tłuszczów (ogólnie)0 gKwasy tłuszczowe nasycone0 gZawartość węglowodanów0.1 gCukry0 gZawartość białek0 gZawartość soli0.01 g"}, {"header": "Pozostałe informacje", "content": "Kraj pochodzenia:PolskaKraj pochodzenia zależy od konkretnej partii produktu jaka znajduje się w sklepie. Informację o kraju pochodzenia znajdziesz na opakowaniu. Możesz również dodać komentarz z preferowanym typem produktu w koszyku lub wiadomości dla shoppera (np. “prosze o pomidory polskie”).Producent:Colian sp. z o.o.,\nul. Zdrojowa 1\n62-860 Opatówek,\nPoland\nwww.colian.com,\nwww.oranzada.plDystrybutor:Colian Sp. z o.o.Zdrojowa 1 62-860 OpatówekNazwa wymagana prawnie:Napój gazowany Oranżada Czerwona Zero. Zawiera substancje słodzące."}], "images": ["data/images/01a66a7e137eaa86ab326bfffc2f36d3.jpg"], "absolute_path": "Napoje/Gazowane/Produkt 3"}
{"name": "Produkt 2", "url": "https://zakupy.biedronka.pl/hellena-hellena-oranzada-czerwona-125-l-0000010570.html", "title": "Hellena Oranżada czerwona 1,25 l", "brand": "Hellena", "price": "4.79 PLN", "packaging_details": "1.25l- 3,83 zł / l", "description_sections": [{"header": "Składniki i alergeny", "content": "Składniki:woda,sok jabłkowy otrzymany z zagęszczonego soku (20 %),cukier (D) i/lub syrop glukozowo-fruktozowy (G)*,dwutlenek węgla,regulator kwasowości: kwas cytrynowy,koncentrat z czarnej marchwi,aromaty,substancje słodzące: sukraloza, cyklaminiany,substancja konserwująca: sorbinian potasu,Zawartość soku owocowego minimum 20 %.,* - D, G zależnie od zastosowanych surowców (patrz nadruk przy oznaczeniu daty)Inne informacje o zawartości produktu:Substancje słodzące:Zawiera"}, {"header": "Wartość odżywcza", "content": "W 100 mlWartość energetyczna19 kcalTłuszcz0 gw tym kwasy tłuszczowe nasycone0 gWęglowodany4.4 gw tym cukry4.3 gBiałko0 gSól0.04 g"}, {"header": "Pozostałe informacje", "content": "Producent:Colian sp. z o.o.,\nul. Zdrojowa 1\n62-860 Opatówek,\nPoland\nwww.colian.com,\nwww.oranzada.plNazwa wymagana prawnie:Napój owocowy, gazowany Oranżada Czerwona. Zawiera cukier i substancje słodzące. Pasteryzowany."}], "images": ["data/images/011a98c415a04fa25da4504730ef2ed7.jpg"], "absolute_path": "Napoje/Gazowane/Produkt 2"}
{"name": "Produkt 1", "url": "https://zakupy.biedronka.pl/coca-cola-coca-cola-zero-napoj-gazowany-175-l-0000016984.html", "title": "Coca-Cola zero Napój gazowany 1,75 l", "brand": "Coca-Cola", "price": "8.65 PLN", "packaging_details": "1.75l- 4,94 zł / l", "description_sections": [{"header": "Opis produktu", "content": "Coca-Cola Zero to legendarny smak Coca-Cola, ale zawierający zero cukru. Przyjemnie orzeźwiający i pyszny napój gazowany, którym można się dzielić"}, {"header": "Składniki i alergeny", "content": "Składniki:woda,dwutlenek węgla,barwnik E 150d,kwas: kwas fosforowy,substancje słodzące: cyklaminiany, acesulfam K, aspartam,naturalne aromaty w tym kofeina,regulator kwasowości: cytryniany soduInne informacje o zawartości produktu:Zawiera surowce GMO:Nie, \n\nInformacje szczegółowe dotyczące środków słodzących:zawiera substancję słodzącą, zawiera aspartam (źródło fenyloalaniny), zawiera źródło fenyloalaniny, \n\nZawiera barwniki:Tak, \n\nDodatki zawarte w produkcie (E-symbole):E150d Karmel amoniakalno-siarczynowy, \n\nFunkcje dodatków obecnych w produkcie (zadeklarowanych jako dodatki lub numery E):Barwnik"}, {"header": "Wartość odżywcza", "content": "W 100 mlWartość energetyczna kcal0.2 kcalZawartość tłuszczów (ogólnie)0 gKwasy tłuszczowe nasycone0 gZawartość węglowodanów0 gCukry0 gZawartość białek0 gZawartość soli0.02 g"}, {"header": "Pozostałe informacje", "content": "Producent:Coca-Cola HBC Polska Sp. z o.o.,\nul. Żwirki i Wigury 16,\n02-092 Warszawa\nInfolinia: 801 110 110\nwww.coca-cola.plDystrybutor:Coca-Cola HBC Sp. z o.o.Żwirki i Wigury 16 02-092 Warszawainfopl@cchellenic.comImporter:Coca-Cola HBC Sp. z o.o.Żwirki i Wigury 16 02-092 Warszawa PLinfopl@cchellenic.comNazwa wymagana prawnie:Napój gazowany o smaku cola nieposiadający wartości energetycznej. Zawiera substancje słodzące."}], "images": ["data/images/7061ca9cc805516fcd9f36f715aef730.jpg"], "absolute_path": "Napoje/Gazowane/Produkt 1"}
{"name": "Produkt 9", "url": "https://zakupy.biedronka.pl/pastella-lisner-pastella-pasta-z-suszonymi-pomidorami-80-g-0000011810.html", "title": "Lisner Pastella Pasta z suszonymi pomidorami 80 g", "brand": "Pastella", "price": "3.09 PLN", "packaging_details": "0.08kg- 38,63 zł / kg", "description_sections": [{"header": "Opis produktu", "content": "Pastella śródziemnomorska z suszonymi pomidorami ma wyborny smak i aromat. Suszone pomidory to wyjątkowy specjał, bogaty w witaminę C i potas. Doskonale smakują w postaci pasty na chrupiącym pieczywie.Nutriscore:C"}, {"header": "Składniki i alergeny", "content": "Składniki:Olej rzepakowy, woda, 11% pomidory pasteryzowane, 10% suszone pomidory, cukier, cebula marynowana, 3% koncentrat pomidorowy, sól, płatki ziemniaczane, żółtkojaja, bazylia,gorczycamielona, przyprawa warzywna [zawiera: wzmacniacz smaku (E621),seler, ekstrakt drożdżowy, barwnik: ryboflawiny], olej słonecznikowy, aromat, ekstrakt papryki, regulatory kwasowości (kwas mlekowy, kwas cytrynowy), substancje zagęszczające (guma guar, guma ksantanowa), substancje konserwujące (sorbinian potasu, benzoesan sodu), przyprawy.Alergeny:Gorczyca i produkty pochodne, \n\nSeler i produkty pochodne, \n\nJaja i produkty pochodneInne informacje o zawartości produktu:Zawiera surowce GMO:Nie, \n\nZawiera substancje konserwujące:Tak, \n\nŚrodki spozywcze z dodatkiem fitosteroli, estrów fitosteroli, fitostanoli lub estrów fitostanoli:Nie, \n\nPlant based - produkt bazujący na składnikach roślinnych:Tak, \n\nZawartość owoców/warzyw/orzechów w produkcie:25,9, \n\nPoziom znakowania Nutriscore:C, \n\nDodatki zawarte w produkcie (E-symbole):E621 Glutaminian monosodowy, E101 Ryboflawina, E270 Kwas mlekowy, E330 Kwas cytrynowy, E412 Guma guar, E415 Guma ksantanowa, E202 Sorbinian potasu, E211 Benzoesan sodu, \n\nFunkcje dodatków obecnych w produkcie (zadeklarowanych jako dodatki lub numery E):Wzmacniacz smaku, Barwnik, Regulator kwasowości, Substancja zagęszczająca, Substancja konserwująca, \n\nCzy znaki dietetyczne/alergenów znajdują się na opakowaniu?:Nie, \n\nDodatkowe informacje na temat produktu:E621 z surowca, nie jest dodawany bezpośrednio do receptury.\nE101 z surowca, nie jest dodawany bezpośrednio do receptury."}, {"header": "Wartość odżywcza", "content": "W 100 gWartość energetyczna kcal451 kcalZawartość tłuszczów (ogólnie)45.2 gKwasy tłuszczowe nasycone3.4 gZawartość węglowodanów7.5 gCukry7.5 gZawartość białek1.7 gZawartość soli1.7 g"}, {"header": "Pozostałe informacje", "content": "Kraj pochodzenia:PolskaKraj pochodzenia zależy od konkretnej partii produktu jaka znajduje się w sklepie. Informację o kraju pochodzenia znajdziesz na opakowaniu. Możesz również dodać komentarz z preferowanym typem produktu w koszyku lub wiadomości dla shoppera (np. “prosze o pomidory polskie”).Producent:Lisner Poznań Sp. z o.o. Sp. k.Importer:Lisner Poznań Sp. z o.o. Sp. k.ul. Strzeszyńska 38/42 60-479 Poznań PLmonika.guzniczak@lisner.cpm.plNazwa wymagana prawnie:Pasta z suszonymi pomidorami 80 g"}], "images": ["data/images/a91be1bf7a09fa6db0de8c049ede18a6.jpg", "data/images/22aec3295d636edd4d322335b9eb2c38.jpg"], "absolute_path": "Dania Gotowe/Surówki i sałatki/Pasty/Produkt 9"}
{"name": "Produkt 8", "url": "https://zakupy.biedronka.pl/go-vege-go-vege-pasta-warzywna-pieczarki-pestki-dyni-180-g-0000007899.html", "title": "Go Vege Pasta warzywna pieczarki, pestki dyni 180 g", "brand": "Go Vege", "price": "5.75 PLN", "packaging_details": "0.18kg- 31,94 zł / kg", "description_sections": [{"header": "Składniki i alergeny", "content": "Składniki:fasola biała, pieczarka blanszowana 18,9% (pieczarka, kwas cytrynowy), olej rzepakowy, pieczarka świeża 13%,seler, dynia, nasiona słonecznika, woda, cebula suszona, sól, koncentrat soku jabłkowego, pieczarka suszona 0,5%, czosnek suszony, pestki dyni 0,3%, pieprz czarny mielony. Produkt może zawieraćgorczycę.Alergeny:Seler i produkty pochodneInne informacje o zawartości produktu:Zawiera surowce GMO:Nie, \n\nDodatkowe informacje na temat produktu:Odpowiedni dla wegan."}, {"header": "Wartość odżywcza", "content": "W 100 gWartość energetyczna kcal204 kcalZawartość tłuszczów (ogólnie)19 gKwasy tłuszczowe nasycone1.6 gZawartość węglowodanów2.2 gCukry2.2 gZawartość błonnika5.1 gZawartość białek3.7 gZawartość soli1.3 g"}, {"header": "Pozostałe informacje", "content": "Producent:Jeronimo Martins Polska S.A.Dystrybutor:Jeronimo Martins Polska S.A.Żniwna 5 62-025 KostrzynImporter:Jeronimo Martins Polska S.A.Żniwna 5 62-025 Kostrzyn PLNazwa wymagana prawnie:Pasta z pieczarek z pestkami dyni. Produkt sterylizowany."}], "images": ["data/images/985abddd171d09de748fffc79e7e7fcf.jpg", "data/images/624a7f318c5b5c28bbd434f06876f2ff.jpg", "data/images/76f53d35041d09cd31669194bb545a17.jpg"], "absolute_path": "Dania Gotowe/Surówki i sałatki/Pasty/Produkt 8"}
{"name": "Produkt 5", "url": "https://zakupy.biedronka.pl/schweppes-schweppes-indian-tonic-napoj-gazowany-12-l-0000008210.html", "title": "Schweppes Indian Tonic Napój gazowany 1,2 l", "brand": "Schweppes", "price": "6.15 PLN", "packaging_details": "1.2l- 5,13 zł / l", "description_sections": [{"header": "Opis produktu", "content": "Legendarny napój oparty o formułę stworzoną przez  Jakuba Schweppe. W ofercie marki Schweppes od 1870 roku. Produkowanu z wykorzystaniem w 100% prawdziwej chininy i naturalnych aromatów."}, {"header": "Składniki i alergeny", "content": "Składniki:woda,cukier,dwutlenek węgla,kwas: kwas cytrynowy,aromaty naturalne,substancje słodzące: acesulfam K i sukraloza,aromat: chininaInne informacje o zawartości produktu:Zawiera surowce GMO:Nie, \n\nZawiera chininę:Tak"}, {"header": "Wartość odżywcza", "content": "W 100 mlWartość energetyczna kcal19 kcalZawartość tłuszczów (ogólnie)0 gKwasy tłuszczowe nasycone0 gKwasy tłuszczowe jednonienasycone0 gKwasy tłuszczowe wielonienasycone0 gZawartość węglowodanów4.4 gCukry4.4 gAlkohole wielowodorotlenowe - poliole0 gSkrobia0 gZawartość błonnika0 gZawartość białek0 gZawartość soli0.01 g"}, {"header": "Pozostałe informacje", "content": "Producent:Orangina Schweppes Polska Sp. z o.o.,\nAl. Wyścigowa 6,\n02-681 Warszawa,\nPolska\nInfolinia 0 800 800 802\nOpłata według taryfy lokalnejDystrybutor:Orangina Schweppes PolskaAL. Wyścigowa 6 02-681 WarszawaCustomer.Service@suntory.comNazwa wymagana prawnie:Napój gazowany. Zawiera cukier i substancje słodzące."}], "images": ["data/images/a22c7c782004ed8a86bfe7b53daf759b.jpg"], "absolute_path": "Napoje/Gazowane/Produkt 5"}
{"name": "Produkt 7", "url": "https://zakupy.biedronka.pl/4move-4move-pasteryzowany-gazowany-napoj-o-smaku-winogrono-dragonfruit-active-vitamin-330-ml-0000022509.html", "title": "4Move Pasteryzowany gazowany napój o smaku winogrono-dragonfruit Active Vitamin 330 ml", "brand": "4Move", "price": "2.99 PLN", "packaging_details": "0.33l- 9,06 zł / l", "description_sections": [{"header": "Opis produktu", "content": "Pamiętaj o zrównoważonym sposobie żywienia i zdrowym trybie życia."}, {"header": "Składniki i alergeny", "content": "Składniki:woda,sok jabłkowy z zagęszczonego soku jabłkowego (20 %),dwutlenek węgla,kwas: kwas cytrynowy,naturalny aromat dragonfruit z innymi naturalnymi aromatami,naturalny aromat winogronowy z innymi naturalnymi aromatami,koncentrat z czarnej marchwi,aromaty,substancje słodzące: aspartam, acesulfam K,glukonian cynku,jodek potasu,witaminy: witamina C, niacyna, witamina B6, witamina B12,Wyprodukowany z zagęszczonego soku owocowego (zawartość soku min. 20 %)Inne informacje o zawartości produktu:Smaki / Aromaty:Zawiera, \n\nSubstancje słodzące:Zawiera"}, {"header": "Wartość odżywcza", "content": "W 100 mlWartość energetyczna10 kcalTłuszcz0 gw tym kwasy tłuszczowe nasycone0 gWęglowodany2.3 gw tym cukry2 gBiałko0 gSól0 gWitaminy i składniki mineralnew 100  ml% RWS w 100  mlCynk3.03 mg100%Jod11.25 µg25%Niacyna (B3)4.8 mg100%Witamina B120.76 µg100%Witamina B60.42 mg100%Witamina C24 mg100%"}, {"header": "Pozostałe informacje", "content": "Kraj pochodzenia:PolskaKraj pochodzenia zależy od konkretnej partii produktu jaka znajduje się w sklepie. Informację o kraju pochodzenia znajdziesz na opakowaniu. Możesz również dodać komentarz z preferowanym typem produktu w koszyku lub wiadomości dla shoppera (np. “prosze o pomidory polskie”).Nazwa wymagana prawnie:Pasteryzowany gazowany napój o smaku winogrono-dragonfruit z dodatkiem witamin (witamina C, niacyna, witamina B6, witamina B12) i składników mineralnych (cynk, jod). Zawiera substancje słodzące."}], "images": ["data/images/961166ca1c5e0c6974a4d0a0fd5b01c5.jpg"], "absolute_path": "Napoje/Gazowane/Produkt 7"}
{"name": "Produkt 8", "url": "https://zakupy.biedronka.pl/coca-cola-coca-cola-zero-napoj-gazowany-330-ml-0000008227.html", "title": "Coca-Cola zero Napój gazowany 330 ml", "brand": "Coca-Cola", "price": "4.29 PLN", "packaging_details": "0.33l- 13,00 zł / l", "description_sections": [{"header": "Opis produktu", "content": "Coca-Cola Zero to legendarny smak Coca-Cola, ale zawierający zero cukru. Przyjemnie orzeźwiający i pyszny napój gazowany, którym można się dzielić"}, {"header": "Składniki i alergeny", "content": "Składniki:woda,dwutlenek węgla,barwnik E 150d,kwas: kwas fosforowy,substancje słodzące: cyklaminiany, acesulfam K, aspartam,naturalne aromaty,aromat kofeina,regulator kwasowości: cytryniany soduInne informacje o zawartości produktu:Zawiera surowce GMO:Nie, \n\nInformacje szczegółowe dotyczące środków słodzących:zawiera substancję słodzącą, zawiera źródło fenyloalaniny, zawiera aspartam (źródło fenyloalaniny), \n\nZawiera barwniki:Tak, \n\nDodatki zawarte w produkcie (E-symbole):E150d Karmel amoniakalno-siarczynowy, \n\nFunkcje dodatków obecnych w produkcie (zadeklarowanych jako dodatki lub numery E):Barwnik"}, {"header": "Wartość odżywcza", "content": "W 100 mlWartość energetyczna kcal0.2 kcalZawartość tłuszczów (ogólnie)0 gKwasy tłuszczowe nasycone0 gZawartość węglowodanów0 gCukry0 gZawartość białek0 gZawartość soli0.02 g"}, {"header": "Pozostałe informacje", "content": "Dystrybutor:COCA COLA HBC POLSKA SP. Z O.O.Żwirki i Wigury 16 02-092 WARSZAWAinfopl@cchellenic.comNazwa wymagana prawnie:Napój gazowany o smaku cola nieposiadający wartości energetycznej. Zawiera substancje słodzące."}], "images": ["data/images/764eca7a8aaa597ed7f800bafbd15004.jpg"], "absolute_path": "Napoje/Gazowane/Produkt 8"}
{"name": "Produkt 4", "url": "https://zakupy.biedronka.pl/pepsi-cola-pepsi-cola-napoj-gazowany-o-smaku-cola-500-ml-0000374359.html", "title": "Pepsi-Cola Napój gazowany o smaku cola 500 ml", "brand": "Pepsi-Cola", "price": "4.19 PLN", "packaging_details": "0.5l- 8,38 zł / l", "description_sections": [{"header": "Opis produktu", "content": "Napoje gazowane Pepsi to kultowy smak, który zaspokoi każde pragnienie. Pepsi Cola jest stałym towarzyszem każdego spotkania ze znajomymi i idealnym dopełnieniem do posiłku. Od 1893 roku pokochały ją miliony ludzi na całym świecie i z każdym dniem napoje Pepsi zdobywają serca kolejnych konsumentów.Nowy wygląd, ten sam świetny smak! To hasło, które jest na ustach całego globu. Jesteśmy Thirsty For More, dlatego wśród produktów Pepsi możecie odnaleźć różne warianty smakowe. Pamiętaj, że każda Pepsi, tak jak pozostałe napoje z portfolio firmy PepsiCo, najlepiej smakuje schłodzona!Twoim wyborem będzie puszka Pepsi 0,2 l lub 0,33 l? Czy może butelka Pepsi 0,5 l, 0,85 l i 1,5 l? Bez trudu dobierzesz odpowiednią ilość na każdą okazję! Niezależnie od tego, czy planujesz spotkanie z przyjaciółmi, czy potrzebujesz orzeźwienia w ciągu dnia, wybierz Pepsi – napój, który kocha każdy!Szklanka Pepsi wspaniale komponuje się z każdym posiłkiem, a Pepsi w puszce to idealny napój do każdego spotkania! Wybierz Pepsi i doświadcz prawdziwego orzeźwienia, które zadowoli każde podniebienie."}, {"header": "Składniki i alergeny", "content": "Składniki:woda,cukier,dwutlenek węgla,barwnik (karmel amoniakalno-siarczynowy),aromaty, w tym kofeina,kwas (kwas fosforowy),substancje słodzące (acesulfam K, sukraloza)Inne informacje o zawartości produktu:Barwniki:Zawiera, \n\nSmaki / Aromaty:Zawiera, \n\nSubstancje słodzące:Zawiera"}, {"header": "Wartość odżywcza", "content": "W 100 mlWartość energetyczna28 kcalTłuszcz0 gw tym kwasy tłuszczowe nasycone0 gWęglowodany7 gw tym cukry7 gBiałko0 gSól0.01 g"}, {"header": "Przechowywanie i sposób przygotowania", "content": "Sposób podania:Najlepiej podawać schłodzony."}, {"header": "Pozostałe informacje", "content": "Producent:Pepsi-Cola General Bottlers Poland Sp. z o.o.,\nPlac Konesera 12,\n03-736 WarszawaDystrybutor:Jeronimo Martins Polska S.A.Żniwna 5 62-025 Kostrzyn PLImporter:Jeronimo Martins Polska S.A.Żniwna 5 62-025 Kostrzyn PLNazwa wymagana prawnie:Napój gazowany o smaku cola, zawiera cukier i substancje słodzące."}], "images": ["data/images/d0de81f781e9caef747cc7dcc10a751e.jpg"], "absolute_path": "Napoje/Gazowane/Produkt 4"}
{"name": "Produkt 6", "url": "https://zakupy.biedronka.pl/coca-cola-coca-cola-napoj-gazowany-200-ml-0000015650.html", "title": "Coca-Cola Napój gazowany 200 ml", "brand": "Coca-Cola", "price": "3.29 PLN", "packaging_details": "0.2l- 16,45 zł / l", "description_sections": [{"header": "Opis produktu", "content": "Coca-Cola Original, stworzony w 1886 roku, pyszny i orzeźwiający napój gazowany o świetnym smaku. Radość w butelce, by dzielić się z innymi."}, {"header": "Składniki i alergeny", "content": "Składniki:woda,cukier,dwutlenek węgla,barwnik: E 150d,kwas: kwas fosforowy,naturalne aromaty w tym kofeinaInne informacje o zawartości produktu:Barwniki:Zawiera, \n\nSmaki / Aromaty:Zawiera"}, {"header": "Wartość odżywcza", "content": "W 100 mlWartość energetyczna42 kcalTłuszcz0 gw tym kwasy tłuszczowe nasycone0 gWęglowodany10.6 gw tym cukry10.6 gBiałko0 gSól0 g"}, {"header": "Pozostałe informacje", "content": "Producent:Coca-Cola HBC Polska Sp. z o.o.,\nul. Żwirki i Wigury 16,\n02-092 Warszawa\n801 110 110\ncoca-cola.plDystrybutor:Coca-Cola HBC Polska Sp. z o.o.ul. Żwirki i Wigury 16 02-092 WarszawaNazwa wymagana prawnie:Napój gazowany o smaku cola."}], "images": ["data/images/7bfa9669a58aa44850715e540bf4d069.jpg", "data/images/10093073b687f838ead68cdd504dcab4.jpg", "data/images/381d8a23301a139c59d8f6c0966e7e39.jpg", "data/images/0771631e033117fa572ffb414cf79f9e.jpg", "data/images/b98d2b91a2a73d67afdf804d0d232c68.jpg"], "absolute_path": "Napoje/Gazowane/Produkt 6"}
{"name": "Produkt 11", "url": "https://zakupy.biedronka.pl/oshee-oshee-vitamin-water-napoj-gazowany-o-smaku-czerwonych-winogron-i-dragonfruit-330-ml-0000806427.html", "title": "Oshee Vitamin Water Napój gazowany o smaku czerwonych winogron i dragonfruit 330 ml", "brand": "Oshee", "price": "3.29 PLN", "packaging_details": "0.33l- 9,97 zł / l", "description_sections": [{"header": "Opis produktu", "content": "Subrand:Vitamin Water"}, {"header": "Składniki i alergeny", "content": "Składniki:woda,sok jabłkowy z zagęszczonego soku jabłkowego (20 %),cukier,dwutlenek węgla,naturalny aromat,naturalny aromat czerwonego winogrona z innymi naturalnymi aromatami,naturalny aromat dragonfruit z innymi naturalnymi aromatami,kwas: kwas cytrynowy,koncentrat soku z czarnej marchwi,mleczan cynku,jodek potasu,witaminy: niacyna, witamina B6, witamina B12, biotynaInne informacje o zawartości produktu:Smaki / Aromaty:Zawiera"}, {"header": "Wartość odżywcza", "content": "W 100 mlWartość energetyczna20 kcalTłuszcz0 gw tym kwasy tłuszczowe nasycone0 gWęglowodany4.9 gw tym cukry4.6 gBiałko0 gSól0 gWitaminy i składniki mineralnew 100  ml% RWS w 100  mlBiotyna5.6 µg11%Cynk1.13 mg11%Jod16.8 µg11%Niacyna (B3)1.79 mg11%Witamina B120.28 µg11%Witamina B60.16 mg11%"}, {"header": "Przechowywanie i sposób przygotowania", "content": "Sposób podania:Najlepiej smakuje schłodzony."}, {"header": "Pozostałe informacje", "content": "Producent:OSHEE Polska Sp. z o.o.\nAl. 3 Maja 9,\n30-062 Kraków,\nPolskaDystrybutor:Jeronimo Martins Polska S.A.Żniwna 5 62-025 Kostrzyn PLImporter:Jeronimo Martins Polska S.A.Żniwna 5 62-025 Kostrzyn PLNazwa wymagana prawnie:Napój gazowany o smaku czerwonych winogron i dragonfruit, z dodatkiem witamin, cynku i jodu. Pasteryzowany."}], "images": ["data/images/716fac8bbac19ffde413019e4e29049a.jpg"], "absolute_path": "Napoje/Gazowane/Produkt 11"}
{"name": "Produkt 10", "url": "https://zakupy.biedronka.pl/sprite-sprite-zero-cukru-napoj-gazowany-cytrynowo-limonkowy-smak-1-l-0000017621.html", "title": "Sprite Zero cukru Napój gazowany cytrynowo-limonkowy smak 1 l", "brand": "Sprite", "price": "7.29 PLN", "packaging_details": "1l- 7,29 zł / l", "description_sections": [{"header": "Opis produktu", "content": "Weź to na chłodno, gdy robi się gorąco z nowym, zniewalającym smakiem Sprite Zero Cukru. Połączenie świeżego smaku cytryny i limonki bez dodatku cukru pozwoli Ci ochłonąć, gdy wzrośnie temperatura.Subrand:Zero cukru"}, {"header": "Składniki i alergeny", "content": "Składniki:woda,dwutlenek węgla,kwasy: kwas cytrynowy, kwas winowy (L(+)-),regulator kwasowości: cytryniany sodu;,substancje słodzące: aspartam, acesulfam K, sukraloza,naturalne aromaty cytryny i limonkiInne informacje o zawartości produktu:Smaki / Aromaty:Zawiera, \n\nSubstancje słodzące:Zawiera"}, {"header": "Wartość odżywcza", "content": "W 100 mlWartość energetyczna1 kcalTłuszcz0 gw tym kwasy tłuszczowe nasycone0 gWęglowodany0 gw tym cukry0 gBiałko0 gSól0.03 g"}, {"header": "Pozostałe informacje", "content": "Kraj pochodzenia:PolskaKraj pochodzenia zależy od konkretnej partii produktu jaka znajduje się w sklepie. Informację o kraju pochodzenia znajdziesz na opakowaniu. Możesz również dodać komentarz z preferowanym typem produktu w koszyku lub wiadomości dla shoppera (np. “prosze o pomidory polskie”).Producent:Coca-Cola HBC Polska sp. z o.o.\nul. Żwirki i Wigury 16,\n02-092 Warszawa\n801 110 110\nsprite.plDystrybutor:Coca-Cola HBC Polska sp. z o.o.ul. Żwirki i Wigury 16 02-092 WarszawaImporter:Coca-Cola HBC Sp. z o.o.Żwirki i Wigury 16 02-092 Warszawa PLinfopl@cchellenic.comNazwa wymagana prawnie:Napój gazowany o smaku cytrynowo-limonkowym nieposiadający wartości energetycznej. Zawiera substancje słodzące."}], "images": ["data/images/b4ffb2a64fe12addce13d94d9943e05a.jpg"], "absolute_path": "Napoje/Gazowane/Produkt 10"}
{"name": "Produkt 13", "url": "https://zakupy.biedronka.pl/fanta-fanta-napoj-gazowany-o-smaku-pomaranczowym-1-l--0000006411.html", "title": "Fanta Napój gazowany o smaku pomarańczowym 1 l", "brand": "Fanta", "price": "6.99 PLN", "packaging_details": "1l- 6,99 zł / l", "description_sections": [{"header": "Opis produktu", "content": "Sięgnij po FANTA o nowym, zniewalającym smaku! FANTA Orange to kultowy pomarańczowy napój gazowany, który smakuje lepiej niż kiedykolwiek! FANTA to smak zabawy i świetne towarzystwo dla pysznej szamki. Ulegnij swojemu pragnieniu i spróbuj nowego, zniewalającego smaku FANTA!"}, {"header": "Składniki i alergeny", "content": "Składniki:woda,sok pomarańczowy z zagęszczonego soku pomarańczowego (5 %),cukier,dwutlenek węgla,kwasy: kwas cytrynowy, kwas jabłkowy,regulator kwasowości: glukonian sodu,substancje słodzące: cyklaminian sodu, sacharynian sodu,naturalne aromaty pomarańczowe z innymi naturalnymi aromatami,barwnik: karoteny,przeciwutleniacz: kwas askorbinowy,stabilizator: guma guar"}, {"header": "Pozostałe informacje", "content": "Nazwa wymagana prawnie:Napój gazowany o smaku pomarańczowym. Zawiera cukier i substancje słodzące."}], "images": ["data/images/e5fdb892e1966df5dfa69d589f483da7.jpg"], "absolute_path": "Napoje/Gazowane/Produkt 13"}
{"name": "Produkt 9", "url": "https://zakupy.biedronka.pl/hellena-hellena-oranzada-biala-125-l-0000010571.html", "title": "Hellena Oranżada biała 1,25 l", "brand": "Hellena", "price": "4.79 PLN", "packaging_details": "1.25l- 3,83 zł / l", "description_sections": [{"header": "Opis produktu", "content": "Cudze chwalicie, swego nie znacie!"}, {"header": "Składniki i alergeny", "content": "Składniki:woda, sok jabłkowy otrzymany z zagęszczonego soku (20 %), cukier i/lub syrop glukozowo-fruktozowy, dwutlenek węgla, regulator kwasowości: kwas cytrynowy; aromaty, substancje słodzące: sukraloza, cyklaminiany; substancja konserwująca: sorbinian potasu; przeciwutleniacz: kwas askorbinowy.Inne informacje o zawartości produktu:Zawiera surowce GMO:Nie, \n\nZawiera przeciwutleniacze:Tak, \n\nZawiera aromaty:Tak, \n\nZawiera substancje konserwujące:Tak"}, {"header": "Wartość odżywcza", "content": "W 100 mlWartość energetyczna kcal19 kcalZawartość tłuszczów (ogólnie)0 gKwasy tłuszczowe nasycone0 gKwasy tłuszczowe jednonienasycone0 gKwasy tłuszczowe wielonienasycone0 gZawartość węglowodanów4.4 gCukry4.3 gSkrobia0 gZawartość błonnika0 gZawartość białek0 gZawartość soli0.03 g"}, {"header": "Pozostałe informacje", "content": "Kraj pochodzenia:PolskaKraj pochodzenia zależy od konkretnej partii produktu jaka znajduje się w sklepie. Informację o kraju pochodzenia znajdziesz na opakowaniu. Możesz również dodać komentarz z preferowanym typem produktu w koszyku lub wiadomości dla shoppera (np. “prosze o pomidory polskie”).Producent:Colian sp. z o.o.,\nul. Zdrojowa 1\n62-860 Opatówek,\nPoland\nwww.colian.com,\nwww.oranzada.plImporter:ColianZdrojowa 1 62-860 Opatówek PLNazwa wymagana prawnie:Napój owocowy gazowany Oranżada biała 20% soku owocowego. Zawiera cukier i substancje słodzące."}], "images": ["data/images/d1fa52962ea66a033ecbad073adadc29.jpg"], "absolute_path": "Napoje/Gazowane/Produkt 9"}
{"name": "Produkt 12", "url": "https://zakupy.biedronka.pl/4move-4move-active-vitamin-gazowany-napoj-smak-limonki-i-cytryny-330-ml-0000008293.html", "title": "4Move Active Vitamin Gazowany napój smak limonki i cytryny 330 ml", "brand": "4Move", "price": "2.99 PLN", "packaging_details": "0.33l- 9,06 zł / l", "description_sections": [{"header": "Opis produktu", "content": "CynkWitamina B6Witamina B12Witamina CPomagają w prawidłowym funkcjonowaniu układu odpornościowego. Witaminy: B6, B12, C przyczyniają się do zmniejszenia uczucia zmęczenia i znużenia.Pamiętaj o zrównoważonym sposobie żywienia i zdrowym trybie życia.Subrand:Active Vitamin"}, {"header": "Składniki i alergeny", "content": "Składniki:woda,sok jabłkowy z zagęszczonego soku jabłkowego (20 %),dwutlenek węgla,kwas: kwas cytrynowy,naturalny aromat limonkowo-cytrynowy,naturalne aromaty,substancje słodzące: aspartam, acesulfam K,glukonian cynku,jodek potasu,barwnik: karoteny,witaminy: witamina C, niacyna, witamina B6, witamina B12,Wyprodukowany z zagęszczonego soku owocowego (zawartość soku min. 20 %)Inne informacje o zawartości produktu:Barwniki:Zawiera, \n\nSmaki / Aromaty:Zawiera, \n\nSubstancje słodzące:Zawiera"}, {"header": "Wartość odżywcza", "content": "W 100 mlWartość energetyczna10 kcalTłuszcz0 gw tym kwasy tłuszczowe nasycone0 gWęglowodany2.1 gw tym cukry2 gBiałko0 gSól0 gWitaminy i składniki mineralnew 100  ml% RWS w 100  mlCynk3.03 mg100%Jod11.25 µg25%Niacyna (B3)4.8 mg100%Witamina B120.76 µg100%Witamina B60.42 mg100%Witamina C24 mg100%"}, {"header": "Pozostałe informacje", "content": "Kraj pochodzenia:PolskaKraj pochodzenia zależy od konkretnej partii produktu jaka znajduje się w sklepie. Informację o kraju pochodzenia znajdziesz na opakowaniu. Możesz również dodać komentarz z preferowanym typem produktu w koszyku lub wiadomości dla shoppera (np. “prosze o pomidory polskie”).Producent:FoodCare Sp. z o.o.,\nul. Spokojna 4,\n32-080 ZabierzówNazwa wymagana prawnie:Pasteryzowany gazowany napój o smaku limonki i cytryny z dodatkiem witamin (witamina C, niacyna, witamina B6, witamina B12) i składników mineralnych (cynk, jod). Zawiera substancje słodzące."}], "images": ["data/images/7f937eae4eaa893e4f5d86a18defd328.jpg"], "absolute_path": "Napoje/Gazowane/Produkt 12"}
{"name": "Produkt 16", "url": "https://zakupy.biedronka.pl/coca-cola-coca-cola-napoj-gazowany-1-l-0000000012.html", "title": "Coca-Cola Napój gazowany 1 l", "brand": "Coca-Cola", "price": "7.29 PLN", "packaging_details": "1l- 7,29 zł / l", "description_sections": [{"header": "Opis produktu", "content": "Coca-Cola Original, stworzony w 1886 roku, pyszny i orzeźwiający napój gazowany o świetnym smaku. Radość w butelce, by dzielić się z innymi."}, {"header": "Składniki i alergeny", "content": "Składniki:woda,cukier,dwutlenek węgla,barwnik E 150d,kwas: kwas fosforowy,naturalne aromaty w tym kofeinaInne informacje o zawartości produktu:Zawiera surowce GMO:Nie, \n\nZawiera barwniki:Tak, \n\nDodatki zawarte w produkcie (E-symbole):E150d Karmel amoniakalno-siarczynowy, \n\nFunkcje dodatków obecnych w produkcie (zadeklarowanych jako dodatki lub numery E):Barwnik"}, {"header": "Wartość odżywcza", "content": "W 100 mlWartość energetyczna kcal42 kcalZawartość tłuszczów (ogólnie)0 gKwasy tłuszczowe nasycone0 gZawartość węglowodanów10.6 gCukry10.6 gZawartość białek0 gZawartość soli0 g"}, {"header": "Pozostałe informacje", "content": "Producent:Coca-Cola HBC Polska Sp. z o.o.\nul. Żwirki i Wigury 16,\n02-092 Warszawa\n801 110 110\ncoca-cola.plDystrybutor:COCA COLA HBC POLSKA SP. Z O.O.Żwirki i Wigury 16 02-092 WARSZAWAinfopl@cchellenic.comNazwa wymagana prawnie:Napój gazowany o smaku cola."}], "images": ["data/images/8b434d20f094b903741077192829fee1.jpg"], "absolute_path": "Napoje/Gazowane/Produkt 16"}
{"name": "Produkt 17", "url": "https://zakupy.biedronka.pl/coca-cola-coca-cola-zero-napoj-gazowany-500-ml-0000009455.html", "title": "Coca-Cola zero Napój gazowany 500 ml", "brand": "Coca-Cola", "price": "4.99 PLN", "packaging_details": "0.5l- 9,98 zł / l", "description_sections": [{"header": "Opis produktu", "content": "Coca-Cola Zero to legendarny smak Coca-Cola, ale zawierający zero cukru. Przyjemnie orzeźwiający i pyszny napój gazowany, którym można się dzielić"}, {"header": "Składniki i alergeny", "content": "Składniki:woda,dwutlenek węgla,barwnik E 150d,kwas: kwas fosforowy,substancje słodzące: cyklaminiany, acesulfam K, aspartam,naturalne aromaty w tym kofeina,regulator kwasowości: cytryniany soduInne informacje o zawartości produktu:Zawiera surowce GMO:Nie, \n\nInformacje szczegółowe dotyczące środków słodzących:zawiera aspartam (źródło fenyloalaniny), zawiera źródło fenyloalaniny, zawiera substancję słodzącą, \n\nZawiera barwniki:Tak, \n\nDodatki zawarte w produkcie (E-symbole):E150d Karmel amoniakalno-siarczynowy, \n\nFunkcje dodatków obecnych w produkcie (zadeklarowanych jako dodatki lub numery E):Barwnik"}, {"header": "Wartość odżywcza", "content": "W 100 mlWartość energetyczna kcal0.2 kcalZawartość tłuszczów (ogólnie)0 gKwasy tłuszczowe nasycone0 gZawartość węglowodanów0 gCukry0 gZawartość białek0 gZawartość soli0.02 g"}, {"header": "Pozostałe informacje", "content": "Producent:Coca-Cola HBC Polska Sp. z o.o.\nul. Żwirki i Wigury 16,\n02-092 Warszawa\n801 110 110\ncoca-cola.plDystrybutor:COCA COLA HBC POLSKA SP. Z O.O.Żwirki i Wigury 16 02-092 WARSZAWAinfopl@cchellenic.comNazwa wymagana prawnie:Napój gazowany o smaku cola nieposiadający wartości energetycznej. Zawiera substancje słodzące."}], "images": ["data/images/c095f3df7d7768684648322ddb84f53b.jpg"], "absolute_path": "Napoje/Gazowane/Produkt 17"}
{"name": "Produkt 14", "url": "https://zakupy.biedronka.pl/pepsi-cola-pepsi-cola-napoj-gazowany-o-smaku-cola-175-l-0000019124.html", "title": "Pepsi-Cola Napój gazowany o smaku cola 1,75 l", "brand": "Pepsi-Cola", "price": "8.55 PLN", "packaging_details": "1.75l- 4,89 zł / l", "description_sections": [{"header": "Opis produktu", "content": "Napoje gazowane Pepsi to kultowy smak, który zaspokoi każde pragnienie. Pepsi Cola jest stałym towarzyszem każdego spotkania ze znajomymi i idealnym dopełnieniem do posiłku. Od 1893 roku pokochały ją miliony ludzi na całym świecie i z każdym dniem napoje Pepsi zdobywają serca kolejnych konsumentów.Nowy wygląd, ten sam świetny smak! To hasło, które jest na ustach całego globu. Jesteśmy Thirsty For More, dlatego wśród produktów Pepsi możecie odnaleźć różne warianty smakowe. Pamiętaj, że każda Pepsi, tak jak pozostałe napoje z portfolio firmy PepsiCo, najlepiej smakuje schłodzona!Twoim wyborem będzie puszka Pepsi 0,2 l lub 0,33 l? Czy może butelka Pepsi 0,5 l, 0,85 l i 1,5 l? Bez trudu dobierzesz odpowiednią ilość na każdą okazję! Niezależnie od tego, czy planujesz spotkanie z przyjaciółmi, czy potrzebujesz orzeźwienia w ciągu dnia, wybierz Pepsi – napój, który kocha każdy!Szklanka Pepsi wspaniale komponuje się z każdym posiłkiem, a Pepsi w puszce to idealny napój do każdego spotkania! Wybierz Pepsi i doświadcz prawdziwego orzeźwienia, które zadowoli każde podniebienie."}, {"header": "Składniki i alergeny", "content": "Składniki:woda,cukier,dwutlenek węgla,barwnik (karmel amoniakalno-siarczynowy),aromaty, w tym kofeina,kwas (kwas fosforowy),substancje słodzące (acesulfam K, sukraloza)Inne informacje o zawartości produktu:Barwniki:Zawiera, \n\nSmaki / Aromaty:Zawiera, \n\nSubstancje słodzące:Zawiera"}, {"header": "Wartość odżywcza", "content": "W 100 mlWartość energetyczna28 kcalTłuszcz0 gw tym kwasy tłuszczowe nasycone0 gWęglowodany7 gw tym cukry7 gBiałko0 gSól0.01 g"}, {"header": "Przechowywanie i sposób przygotowania", "content": "Sposób podania:Najlepiej podawać schłodzony."}, {"header": "Pozostałe informacje", "content": "Producent:Pepsi-Cola General Bottlers Poland Sp. z o.o.,\nPlac Konesera 12,\n03-736 WarszawaDystrybutor:Pepsi-Cola General Bottlers Poland Sp. z o.o.Plac Konesera 12 03-736 Warszawakonsument@pepsico.comNazwa wymagana prawnie:Napój gazowany o smaku cola, zawiera cukier i substancje słodzące."}], "images": ["data/images/ef93a0e79a6d9fc48c9fae0cb4f42a9a.jpg"], "absolute_path": "Napoje/Gazowane/Produkt 14"}
{"name": "Produkt 18", "url": "https://zakupy.biedronka.pl/sprite-sprite-napoj-gazowany-cytrynowo-limonkowy-smak-1-l-0000006408.html", "title": "Sprite Napój gazowany cytrynowo-limonkowy smak 1 l", "brand": "Sprite", "price": "6.99 PLN", "packaging_details": "1l- 6,99 zł / l", "description_sections": [{"header": "Opis produktu", "content": "Odkryj nowy, zniewalający smak Sprite. Połączenie świeżego smaku cytryny i limonki pozwoli Ci ochłonąć, gdy robi się gorąco. Posłuchaj, jak smakuje nowe psssst i sięgnij po Sprite w nowej odsłonie."}, {"header": "Składniki i alergeny", "content": "Składniki:woda,cukier,dwutlenek węgla,kwas: kwas cytrynowy,naturalne aromaty cytryny i limonki,regulator kwasowości: cytryniany sodu"}, {"header": "Pozostałe informacje", "content": "Nazwa wymagana prawnie:Napój gazowany o smaku cytrynowo-limonkowym."}], "images": ["data/images/f7dc7003624cb554637a9e1dbf0c7aeb.jpg"], "absolute_path": "Napoje/Gazowane/Produkt 18"}
{"name": "Produkt 15", "url": "https://zakupy.biedronka.pl/coca-cola-coca-cola-napoj-gazowany-330-ml-0000001088.html", "title": "Coca-Cola Napój gazowany 330 ml", "brand": "Coca-Cola", "price": "4.29 PLN", "packaging_details": "0.33l- 13,00 zł / l", "description_sections": [{"header": "Opis produktu", "content": "Coca-Cola Original, stworzony w 1886 roku, pyszny i orzeźwiający napój gazowany o świetnym smaku. Radość w butelce, by dzielić się z innymi."}, {"header": "Składniki i alergeny", "content": "Składniki:woda,cukier,dwutlenek węgla,barwnik: E 150d,kwas: kwas fosforowy,naturalne aromaty w tym kofeinaInne informacje o zawartości produktu:Zawiera surowce GMO:Nie, \n\nZawiera barwniki:Tak, \n\nDodatki zawarte w produkcie (E-symbole):E150d Karmel amoniakalno-siarczynowy, \n\nFunkcje dodatków obecnych w produkcie (zadeklarowanych jako dodatki lub numery E):Barwnik"}, {"header": "Wartość odżywcza", "content": "W 100 mlWartość energetyczna kcal42 kcalZawartość tłuszczów (ogólnie)0 gKwasy tłuszczowe nasycone0 gZawartość węglowodanów10.6 gCukry10.6 gZawartość białek0 gZawartość soli0 g"}, {"header": "Pozostałe informacje", "content": "Producent:Coca-Cola HBC Polska Sp. z o.o.\nul. Żwirki i Wigury 16,\n02-092 Warszawa\n801 110 110\ncoca-cola.plDystrybutor:COCA COLA HBC POLSKA SP. Z O.O.Żwirki i Wigury 16 02-092 WARSZAWAinfopl@cchellenic.comNazwa wymagana prawnie:Napój gazowany o smaku cola."}], "images": ["data/images/3a066257d809b7f6c0532d10b778b385.jpg"], "absolute_path": "Napoje/Gazowane/Produkt 15"}
{"name": "Produkt 19", "url": "https://zakupy.biedronka.pl/coca-cola-coca-cola-zero-napoj-gazowany-1-l-0000003301.html", "title": "Coca-Cola Zero Napój gazowany 1 l", "brand": "Coca-Cola", "price": "7.29 PLN", "packaging_details": "1l- 7,29 zł / l", "description_sections": [{"header": "Opis produktu", "content": "Coca-Cola Zero to legendarny smak Coca-Cola, ale zawierający zero cukru. Przyjemnie orzeźwiający i pyszny napój gazowany, którym można się dzielićSubrand:zero"}, {"header": "Składniki i alergeny", "content": "Składniki:woda,dwutlenek węgla,barwnik E 150d,kwas: kwas fosforowy,substancje słodzące: cyklaminiany, acesulfam K, aspartam,naturalne aromaty w tym kofeina,regulator kwasowości: cytryniany soduInne informacje o zawartości produktu:Barwniki:Zawiera, \n\nSmaki / Aromaty:Zawiera, \n\nSubstancje słodzące:Zawiera"}, {"header": "Wartość odżywcza", "content": "W 100 mlWartość energetyczna0.2 kcalTłuszcz0 gw tym kwasy tłuszczowe nasycone0 gWęglowodany0 gw tym cukry0 gBiałko0 gSól0.02 g"}, {"header": "Pozostałe informacje", "content": "Producent:Coca-Cola HBC Polska Sp. z o.o.\nul. Żwirki i Wigury 16,\n02-092 Warszawa\n801 110 110\ncoca-cola.plNazwa wymagana prawnie:Napój gazowany o smaku cola nieposiadający wartości energetycznej. Zawiera substancje słodzące."}], "images": ["data/images/266c3594521f6bae0a40e5670029e3fc.jpg"], "absolute_path": "Napoje/Gazowane/Produkt 19"}
{"name": "Produkt 21", "url": "https://zakupy.biedronka.pl/mirinda-mirinda-napoj-gazowany-o-smaku-pomaranczy-175-l-0000019130.html", "title": "Mirinda Napój gazowany o smaku pomarańczy 1,75 l", "brand": "Mirinda", "price": "8.55 PLN", "packaging_details": "1.75l- 4,89 zł / l", "description_sections": [{"header": "Opis produktu", "content": "Są zwykłe napoje gazowane i jest Mirinda! Ten orzeźwiający napój zniewala niezwykle intensywnym smakiem pomarańczy, którego nie da się z niczym pomylić – to musi być Mirinda.Mirinda o smaku dojrzałych pomarańczy to wyjątkowy, mocny smak, który zadowoli każde podniebienie, a wyjęta prosto z lodówki zapewni także natychmiastowe ochłodzenie i odświeżenie w upalne dni. Znajdź napój dla siebie – Mirinda w puszce 0,2 l i 0,33 l albo butelka 0,5 l, 0,85 l i 1,5 l – idealna ilość na każdą okazję.Niezależnie od tego, czy planujesz spotkanie z przyjaciółmi, czy potrzebujesz orzeźwienia po intensywnym dniu, wybierz napój gazowany Mirinda! Smaki dojrzałych pomarańczy i przyjemne bąbelki to znak rozpoznawczy napoju Mirinda. Puszka świetnie pasuje do słonych przekąsek, gasi pragnienie w upalne dni oraz pozwala na chwilę zapomnienia.Ciesz się intensywnym smakiem pomarańczy i orzeźwieniem, które przynosi Mirinda, dodając radości każdej chwili. Wybierz napój Mirinda o smaku pomarańczy i odkryj zniewalający smak egzotyki!"}, {"header": "Składniki i alergeny", "content": "Składniki:woda,cukier,sok pomarańczowy z soku zagęszczonego (4 %),dwutlenek węgla,kwas (kwas cytrynowy),naturalny aromat pomarańczy z innymi naturalnymi aromatami,substancja konserwująca (sorbinian potasu),przeciwutleniacz (kwas askorbinowy),substancje słodzące (acesulfam K, sukraloza),stabilizator (guma arabska),barwniki (karoteny, beta-apo-8'-karotenal (C 30))Inne informacje o zawartości produktu:Przeciwutleniacze:Zawiera, \n\nBarwniki:Zawiera, \n\nSmaki / Aromaty:Zawiera, \n\nkonserwanty:Zawiera, \n\nSubstancje słodzące:Zawiera"}, {"header": "Wartość odżywcza", "content": "W 100 mlWartość energetyczna21 kcalTłuszcz0 gw tym kwasy tłuszczowe nasycone0 gWęglowodany5 gw tym cukry5 gBiałko0 gSól0.01 g"}, {"header": "Przechowywanie i sposób przygotowania", "content": "Sposób podania:Najlepiej podawać schłodzony."}, {"header": "Pozostałe informacje", "content": "Producent:Pepsi-Cola General Bottlers Poland Sp. z o.o.,\nPlac Konesera 12,\n03-736 WarszawaDystrybutor:Pepsi-Cola General Bottlers Poland Sp. z o.o.Plac Konesera 12 03-736 Warszawakonsument@pepsico.comNazwa wymagana prawnie:Napój gazowany o smaku pomarańczowym. Zawiera cukier i substancje słodzące."}], "images": ["data/images/c606f20715e2a63be556bb41672285d1.jpg"], "absolute_path": "Napoje/Gazowane/Produkt 21"}
{"name": "Produkt 20", "url": "https://zakupy.biedronka.pl/schweppes-schweppes-mojito-zero-135-l-0000014395.html", "title": "Schweppes Mojito Zero 1,35 l", "brand": "Schweppes", "price": "5.99 PLN", "packaging_details": "1.35l- 4,44 zł / l", "description_sections": [{"header": "Opis produktu", "content": "Legendarny napój gazowany o smaku limonkowo - miętowym oparty o formułę stworzoną przez  Jakuba Schweppe."}, {"header": "Składniki i alergeny", "content": "Składniki:Składniki: Woda, sok limonkowy z koncentratu (1,5%), dwutlenek węgla, kwas: kwas cytrynowy, naturalny aromat limonkowy, aromaty naturalne, substancje słodzące: acesulfam K, sukraloza; substancja konserwująca: sorbinian potasu.Inne informacje o zawartości produktu:Zawiera surowce GMO:Nie, \n\nZawiera chininę:Tak"}, {"header": "Wartość odżywcza", "content": "W 100 mlWartość energetyczna kcal2 kcalZawartość tłuszczów (ogólnie)0 gKwasy tłuszczowe nasycone0 gKwasy tłuszczowe jednonienasycone0 gKwasy tłuszczowe wielonienasycone0 gZawartość węglowodanów0 gCukry0 gAlkohole wielowodorotlenowe - poliole0 gSkrobia0 gZawartość błonnika0 gZawartość białek0 gZawartość soli0.01 g"}, {"header": "Pozostałe informacje", "content": "Kraj pochodzenia:PolskaKraj pochodzenia zależy od konkretnej partii produktu jaka znajduje się w sklepie. Informację o kraju pochodzenia znajdziesz na opakowaniu. Możesz również dodać komentarz z preferowanym typem produktu w koszyku lub wiadomości dla shoppera (np. “prosze o pomidory polskie”).Producent:Orangina Schweppes Polska Sp. z o.o.,\nAl. Wyścigowa 6,\n02-681 Warszawa,\nPolska\nInfolinia 0 800 800 802\nOpłata według taryfy lokalnejImporter:Orangina Schweppes PolskaAL. Wyścigowa 6 02-681 Warszawa PLCustomer.Service@suntory.comNazwa wymagana prawnie:Schweppes Mojito Zero 1,35l bezalkoholowy napój gazowany o smaku limonkowo - miętowym. Zawiera substancje słodzące."}], "images": ["data/images/ae2c071af250fd2cd542cb93710d5eff.jpg"], "absolute_path": "Napoje/Gazowane/Produkt 20"}
{"name": "Produkt 23", "url": "https://zakupy.biedronka.pl/7up-7up-zero-cukru-napoj-gazowany-o-smaku-cytrynowo-limonkowym-175-l-0000019128.html", "title": "7UP Zero cukru Napój gazowany o smaku cytrynowo-limonkowym 1,75 l", "brand": "7UP", "price": "8.55 PLN", "packaging_details": "1.75l- 4,89 zł / l", "description_sections": [{"header": "Opis produktu", "content": "Oryginalny cytrynowo-limonkowy smak 7UP zyskał niewyobrażalną popularność na całym świecie. A teraz jest dostępny także w wersji bez cukru! 7UP Zero to idealna alternatywa dla tych, którzy chcą cieszyć się pełnym smakiem, lecz szukają napoju bez cukru.Napój 7UP Zero nie tylko doskonale smakuje samodzielnie, ale jest również znakomitym uzupełnieniem przekąsek na imprezie czy podczas oglądania meczu. Oryginalny smak 7UP zapewnia wyjątkowe, bąbelkowe orzeźwienie, dające niepowtarzalne uczucie świeżości!Napoje gazowane 7UP Zero są dostępne w pojemnościach 0,5 l, 0,85 l i 1,5 l, co pozwala wybrać odpowiednią ilość na każdą okazję. To zawsze doskonały wybór, niezależnie od tego, czy planujesz spotkanie z przyjaciółmi, wieczór przed telewizorem, czy potrzebujesz orzeźwienia po intensywnym dniu, czy marzy Ci się chwila relaksu z 7UP.Ciesz się oryginalnym smakiem 7UP bez cukru. Legendarna marka napojów gazowanych to gwarancja prawdziwego orzeźwienia, które zadowoli każde podniebienie i uświetni każdą okazję!Nutriscore:BSubrand:Zero cukru"}, {"header": "Składniki i alergeny", "content": "Składniki:woda,dwutlenek węgla,kwasy (kwas cytrynowy, kwas jabłkowy),naturalny aromat cytrynowy i limonkowy,regulator kwasowości (cytryniany sodu),substancja konserwująca! (benzoesan sodu),substancje słodzące (aspartam, acesulfam K)Inne informacje o zawartości produktu:Smaki / Aromaty:Zawiera, \n\nkonserwanty:Zawiera, \n\nSubstancje słodzące:Zawiera"}, {"header": "Wartość odżywcza", "content": "W 100 mlWartość energetyczna1 kcalTłuszcz0 gw tym kwasy tłuszczowe nasycone0 gWęglowodany0 gw tym cukry0 gBiałko0 gSól0.04 gWitaminy i składniki mineralnew 100  ml% RWS w 100  mlTlenek węgla (CO)1 g0%"}, {"header": "Przechowywanie i sposób przygotowania", "content": "Sposób podania:Najlepiej podawać schłodzony."}, {"header": "Pozostałe informacje", "content": "Producent:Pepsi-Cola General Bottlers Poland Sp. z o.o.,\nPlac Konesera 12,\n03-736 WarszawaDystrybutor:Pepsi-Cola General Bottlers Poland Sp. z o.o.Plac Konesera 12 03-736 Warszawakonsument@pepsico.comNazwa wymagana prawnie:Napój gazowany bez cukru o smaku cytrynowo-limonkowym. Zawiera substancje słodzące."}], "images": ["data/images/3f26cbede1d5441187a11bd4e9d2125b.jpg"], "absolute_path": "Napoje/Gazowane/Produkt 23"}
{"name": "Produkt 22", "url": "https://zakupy.biedronka.pl/coca-cola-coca-cola-napoj-gazowany-175-l-0000016983.html", "title": "Coca-Cola Napój gazowany 1,75 l", "brand": "Coca-Cola", "price": "8.65 PLN", "packaging_details": "1.75l- 4,94 zł / l", "description_sections": [{"header": "Opis produktu", "content": "Coca-Cola Original, stworzony w 1886 roku, pyszny i orzeźwiający napój gazowany o świetnym smaku. Radość w butelce, by dzielić się z innymi."}, {"header": "Składniki i alergeny", "content": "Składniki:woda,cukier,dwutlenek węgla,barwnik E 150d,kwas: kwas fosforowy,naturalne aromaty w tym kofeina"}, {"header": "Wartość odżywcza", "content": "W 100 mlWartość energetyczna42 kcalTłuszcz0 gw tym kwasy tłuszczowe nasycone0 gWęglowodany10.6 gw tym cukry10.6 gBiałko0 gSól0 g"}, {"header": "Pozostałe informacje", "content": "Producent:Coca-Cola HBC Polska Sp. z o.o.,\nul. Żwirki i Wigury 16,\n02-092 Warszawa\nInfolinia: 801 110 110\nwww.coca-cola.plDystrybutor:Coca-Cola HBC Polska Sp. z o.o.ul. Żwirki i Wigury 16 02-092 Warszawa801 110 110Importer:Coca-Cola HBC Sp. z o.o.Żwirki i Wigury 16 02-092 Warszawa PLinfopl@cchellenic.comNazwa wymagana prawnie:Napój gazowany smaku coli."}], "images": ["data/images/b5a3c2907171c053c114d70784f3f69b.jpg"], "absolute_path": "Napoje/Gazowane/Produkt 22"}
{"name": "Produkt 26", "url": "https://zakupy.biedronka.pl/coca-cola-coca-cola-napoj-gazowany-500-ml-0000000017.html", "title": "Coca-Cola Napój gazowany 500 ml", "brand": "Coca-Cola", "price": "4.99 PLN", "packaging_details": "0.5l- 9,98 zł / l", "description_sections": [{"header": "Opis produktu", "content": "Coca-Cola Original, stworzony w 1886 roku, pyszny i orzeźwiający napój gazowany o świetnym smaku. Radość w butelce, by dzielić się z innymi."}, {"header": "Składniki i alergeny", "content": "Składniki:woda,cukier,dwutlenek węgla,barwnik E 150d,kwas: kwas fosforowy,naturalne aromaty w tym kofeinaInne informacje o zawartości produktu:Zawiera surowce GMO:Nie, \n\nZawiera barwniki:Tak, \n\nDodatki zawarte w produkcie (E-symbole):E150d Karmel amoniakalno-siarczynowy, \n\nFunkcje dodatków obecnych w produkcie (zadeklarowanych jako dodatki lub numery E):Barwnik"}, {"header": "Wartość odżywcza", "content": "W 100 mlWartość energetyczna kcal42 kcalZawartość tłuszczów (ogólnie)0 gKwasy tłuszczowe nasycone0 gZawartość węglowodanów10.6 gCukry10.6 gZawartość białek0 gZawartość soli0 g"}, {"header": "Pozostałe informacje", "content": "Producent:Coca-Cola HBC Polska Sp. z o.o.\nul. Żwirki i Wigury 16,\n02-092 Warszawa\n801 110 110\ncoca-cola.plDystrybutor:COCA COLA HBC POLSKA SP. Z O.O.Żwirki i Wigury 16 02-092 WARSZAWAinfopl@cchellenic.comNazwa wymagana prawnie:Napój gazowany o smaku cola."}], "images": ["data/images/15690478e5eedb24ec77d82898202dda.jpg"], "absolute_path": "Napoje/Gazowane/Produkt 26"}
{"name": "Produkt 27", "url": "https://zakupy.biedronka.pl/pepsi-cola-pepsi-cola-napoj-gazowany-o-smaku-cola-1-l-0000016910.html", "title": "Pepsi-Cola Napój gazowany o smaku cola 1 l", "brand": "Pepsi-Cola", "price": "6.99 PLN", "packaging_details": "1l- 6,99 zł / l", "description_sections": [{"header": "Opis produktu", "content": "Napoje gazowane Pepsi to kultowy smak, który zaspokoi każde pragnienie. Pepsi Cola jest stałym towarzyszem każdego spotkania ze znajomymi i idealnym dopełnieniem do posiłku. Od 1893 roku pokochały ją miliony ludzi na całym świecie i z każdym dniem napoje Pepsi zdobywają serca kolejnych konsumentów.Nowy wygląd, ten sam świetny smak! To hasło, które jest na ustach całego globu. Jesteśmy Thirsty For More, dlatego wśród produktów Pepsi możecie odnaleźć różne warianty smakowe. Pamiętaj, że każda Pepsi, tak jak pozostałe napoje z portfolio firmy PepsiCo, najlepiej smakuje schłodzona!Twoim wyborem będzie puszka Pepsi 0,2 l lub 0,33 l? Czy może butelka Pepsi 0,5 l, 0,85 l i 1,5 l? Bez trudu dobierzesz odpowiednią ilość na każdą okazję! Niezależnie od tego, czy planujesz spotkanie z przyjaciółmi, czy potrzebujesz orzeźwienia w ciągu dnia, wybierz Pepsi – napój, który kocha każdy!Szklanka Pepsi wspaniale komponuje się z każdym posiłkiem, a Pepsi w puszce to idealny napój do każdego spotkania! Wybierz Pepsi i doświadcz prawdziwego orzeźwienia, które zadowoli każde podniebienie."}, {"header": "Składniki i alergeny", "content": "Składniki:woda,cukier,dwutlenek węgla,barwnik (karmel amoniakalno-siarczynowy),aromaty, w tym kofeina,kwas (kwas fosforowy),substancje słodzące (acesulfam K, sukraloza)Inne informacje o zawartości produktu:Barwniki:Zawiera, \n\nSmaki / Aromaty:Zawiera, \n\nSubstancje słodzące:Zawiera"}, {"header": "Wartość odżywcza", "content": "W 100 mlWartość energetyczna28 kcalTłuszcz0 gw tym kwasy tłuszczowe nasycone0 gWęglowodany7 gw tym cukry7 gBiałko0 gSól0.01 g"}, {"header": "Przechowywanie i sposób przygotowania", "content": "Sposób podania:Najlepiej podawać schłodzony."}, {"header": "Pozostałe informacje", "content": "Producent:Pepsi-Cola General Bottlers Poland Sp. z o.o.,\nPlac Konesera 12,\n03-736 WarszawaDystrybutor:Pepsi-Cola General Bottlers Poland Sp. z o.o.Plac Konesera 12 03-736 Warszawakonsument@pepsico.comNazwa wymagana prawnie:Napój gazowany o smaku cola, zawiera cukier i substancje słodzące."}], "images": ["data/images/bd9ed694110e6a87c2ee75e6e786e51e.jpg"], "absolute_path": "Napoje/Gazowane/Produkt 27"}
{"name": "Produkt 24", "url": "https://zakupy.biedronka.pl/pepsi-cola-pepsi-cola-zero-cukru-napoj-gazowany-o-smaku-cola-175-l-0000019129.html", "title": "Pepsi-Cola Zero cukru Napój gazowany o smaku cola 1,75 l", "brand": "Pepsi-Cola", "price": "8.55 PLN", "packaging_details": "1.75l- 4,89 zł / l", "description_sections": [{"header": "Opis produktu", "content": "Pepsi Zero Cukru zaspokoi każde pragnienie! Pepsi cola w wersji bezcukrowej jest stałym towarzyszem każdego spotkania ze znajomymi i idealnym dopełnieniem do posiłku. Od 1893 roku miliony ludzi pokochały Pepsi – smak klasyki, który z każdym dniem zdobywa serca kolejnych pokoleń konsumentów.Nowy wygląd, ten sam świetny smak! To hasło, które jest na ustach wszystkich. Jesteśmy Thirsty For More, dlatego wśród produktów Pepsi możecie odnaleźć różne warianty smakowe. Pamiętaj, że Pepsi Zero Cukru najlepiej smakuje schłodzona, dostarczając maksymalnego orzeźwienia!Pepsi bez cukru jest dostępna w różnych pojemnościach – puszka Pepsi 0,2 l i 0,33 l, a także butelka Pepsi 0,5 l, 0,85 l i 1,5 l – odpowiednia ilość na każdą okazję. Niezależnie od tego, czy planujesz spotkanie z przyjaciółmi, potrzebujesz orzeźwienia po intensywnym dniu, czy chcesz skomponować niezapomniany posiłek, wybierz Pepsi Zero Cukru! Zero kalorii w napoju to tylko dodatkowa zaleta!Wybierz napoje gazowane Pepsi Zero Cukru i doświadcz niezrównanego orzeźwienia, które zadowoli każde podniebienie!Subrand:Zero cukru"}, {"header": "Składniki i alergeny", "content": "Składniki:woda,dwutlenek węgla,barwnik (E150d),substancje słodzące (aspartam, acesulfam K),kwasy (kwas fosforowy, kwas cytrynowy),regulator kwasowości (cytryniany sodu),aromaty, w tym kofeinaInne informacje o zawartości produktu:Barwniki:Zawiera, \n\nSmaki / Aromaty:Zawiera, \n\nSubstancje słodzące:Zawiera"}, {"header": "Wartość odżywcza", "content": "W 100 mlWartość energetyczna1 kcalTłuszcz0 gw tym kwasy tłuszczowe nasycone0 gWęglowodany0 gw tym cukry0 gBiałko0 gSól0.01 g"}, {"header": "Przechowywanie i sposób przygotowania", "content": "Sposób podania:Najlepiej podawać schłodzony."}, {"header": "Pozostałe informacje", "content": "Dystrybutor:Pepsi-Cola General Bottlers Poland Sp. z o.o.Plac Konesera 12 03-736 Warszawakonsument@pepsico.comNazwa wymagana prawnie:Napój gazowany o smaku cola nieposiadający wartości energetycznej. Zawiera substancje słodzące."}], "images": ["data/images/114576680d78f4044f7ab7570c534e97.jpg"], "absolute_path": "Napoje/Gazowane/Produkt 24"}
{"name": "Produkt 25", "url": "https://zakupy.biedronka.pl/fanta-fanta-napoj-gazowany-o-smaku-pomaranczowym-175-l-0000001727.html", "title": "Fanta Napój gazowany o smaku pomarańczowym 1,75 l", "brand": "Fanta", "price": "8.65 PLN", "packaging_details": "1.75l- 4,94 zł / l", "description_sections": [{"header": "Opis produktu", "content": "Sięgnij po FANTA o nowym, zniewalającym smaku! FANTA Orange to kultowy pomarańczowy napój gazowany, który smakuje lepiej niż kiedykolwiek! FANTA to smak zabawy i świetne towarzystwo dla pysznej szamki. Ulegnij swojemu pragnieniu i spróbuj nowego, zniewalającego smaku FANTA!"}, {"header": "Składniki i alergeny", "content": "Składniki:woda,sok pomarańczowy z zagęszczonego soku pomarańczowego (5 %),cukier,dwutlenek węgla,kwasy: kwas cytrynowy, kwas jabłkowy,regulator kwasowości: glukonian sodu,substancje słodzące: cyklaminian sodu, sacharynian sodu,naturalne aromaty pomarańczowe z innymi naturalnymi aromatami,barwnik: karoteny,przeciwutleniacz: kwas askorbinowy,stabilizator: guma guarInne informacje o zawartości produktu:Przeciwutleniacze:Zawiera, \n\nBarwniki:Zawiera, \n\nSmaki / Aromaty:Zawiera, \n\nSubstancje słodzące:Zawiera"}, {"header": "Wartość odżywcza", "content": "W 100 mlWartość energetyczna17 kcalTłuszcz0 gw tym kwasy tłuszczowe nasycone0 gWęglowodany4.1 gw tym cukry4.1 gBiałko0 gSól0.02 g"}, {"header": "Pozostałe informacje", "content": "Producent:Coca-Cola HBC Polska sp. z o.o.,\nul. Żwirki i Wigury 16,\n02-092 Warszawa\nInfolinia: 801 110 110\nwww.fanta.plDystrybutor:Coca-Cola HBC Polska sp. z o.o.ul. Żwirki i Wigury 16 02-092 Warszawa801 110 110Nazwa wymagana prawnie:Napój gazowany o smaku pomarańczowym. Zawiera cukier i substancje słodzące."}], "images": ["data/images/16efc192802e922555bfef296b64d4cd.jpg"], "absolute_path": "Napoje/Gazowane/Produkt 25"}
{"name": "Produkt 28", "url": "https://zakupy.biedronka.pl/pepsi-cola-pepsi-cola-napoj-gazowany-o-smaku-cola-330-ml-0000016906.html", "title": "Pepsi-Cola Napój gazowany o smaku cola 330 ml", "brand": "Pepsi-Cola", "price": "3.79 PLN", "packaging_details": "0.33l- 11,48 zł / l", "description_sections": [{"header": "Opis produktu", "content": "Napoje gazowane Pepsi to kultowy smak, który zaspokoi każde pragnienie. Pepsi Cola jest stałym towarzyszem każdego spotkania ze znajomymi i idealnym dopełnieniem do posiłku. Od 1893 roku pokochały ją miliony ludzi na całym świecie i z każdym dniem napoje Pepsi zdobywają serca kolejnych konsumentów.Nowy wygląd, ten sam świetny smak! To hasło, które jest na ustach całego globu. Jesteśmy Thirsty For More, dlatego wśród produktów Pepsi możecie odnaleźć różne warianty smakowe. Pamiętaj, że każda Pepsi, tak jak pozostałe napoje z portfolio firmy PepsiCo, najlepiej smakuje schłodzona!Twoim wyborem będzie puszka Pepsi 0,2 l lub 0,33 l? Czy może butelka Pepsi 0,5 l, 0,85 l i 1,5 l? Bez trudu dobierzesz odpowiednią ilość na każdą okazję! Niezależnie od tego, czy planujesz spotkanie z przyjaciółmi, czy potrzebujesz orzeźwienia w ciągu dnia, wybierz Pepsi – napój, który kocha każdy!Szklanka Pepsi wspaniale komponuje się z każdym posiłkiem, a Pepsi w puszce to idealny napój do każdego spotkania! Wybierz Pepsi i doświadcz prawdziwego orzeźwienia, które zadowoli każde podniebienie."}, {"header": "Składniki i alergeny", "content": "Składniki:woda,cukier,dwutlenek węgla,barwnik (karmel amoniakalno-siarczynowy),aromaty, w tym kofeina,kwas (kwas fosforowy),substancje słodzące (acesulfam K, sukraloza)Inne informacje o zawartości produktu:Barwniki:Zawiera, \n\nSmaki / Aromaty:Zawiera, \n\nSubstancje słodzące:Zawiera"}, {"header": "Wartość odżywcza", "content": "W 100 mlWartość energetyczna28 kcalTłuszcz0 gw tym kwasy tłuszczowe nasycone0 gWęglowodany7 gw tym cukry7 gBiałko0 gSól0.01 g"}, {"header": "Przechowywanie i sposób przygotowania", "content": "Sposób podania:Najlepiej podawać schłodzony."}, {"header": "Pozostałe informacje", "content": "Nazwa wymagana prawnie:Napój gazowany o smaku cola, zawiera cukier i substancje słodzące."}], "images": ["data/images/ca28ed274c80a7c2abf47ce0732a5112.jpg"], "absolute_path": "Napoje/Gazowane/Produkt 28"}
{"name": "Produkt 2", "url": "https://zakupy.biedronka.pl/lipton-lipton-ice-tea-green-napoj-niegazowany-15-l-0000016909.html", "title": "Lipton Ice Tea Green Napój niegazowany 1,5 l", "brand": "Lipton", "price": "6.49 PLN", "packaging_details": "1.5l- 4,33 zł / l", "description_sections": [{"header": "Opis produktu", "content": "Lipton Fruity Ice Tea Green to niegazowany napój z ekstraktem zielonej herbaty, który zapewnia wspaniałe orzeźwienie każdego dnia oraz doskonały balans smaku i uczucia świeżości. Lipton Fruity Ice Tea Green jest jak bryza podczas upalnego dnia – tylko lepsza! To idealny napój dla Ciebie i Twoich przyjaciół.Nasz pyszny napój Lipton Fruity Ice Tea Green zawiera ekstrakt zielonej herbaty i sok owocowy. To doskonały wybór zarówno, kiedy masz ochotę na popołudniowe orzeźwienie w domu, jak i na przyjemną przerwę w pracy.Napój Fruity Ice Tea Green od Lipton znajdziesz w różnych pojemnościach – 0,33L, 0,5L, 1,5L – co pozwala wybrać odpowiednią ilość na każdą okazję. Niezależnie od tego, czy potrzebujesz małego orzeźwienia w ciągu dnia, czy większej dawki na spotkanie z przyjaciółmi, napój o smaku zielonej herbaty Lipton Fruity Ice Tea Green zawsze będzie doskonałym wyborem.Ciesz się wyjątkowym smakiem i orzeźwieniem! Wybierz napój Fruity Ice Tea Green, idealny na każdą porę dnia. Lipton Fruity Ice Tea – puszka czy duża butelka, obie opcje dodadzą radości do Twojego dnia!Subrand:Ice Tea"}, {"header": "Składniki i alergeny", "content": "Składniki:woda,sok jabłkowy z soku zagęszczonego 20,1 %,cukier,ekstrakt zielonej herbaty⁽¹⁾ 0,12 %,kwasy (kwas cytrynowy, kwas jabłkowy),naturalne aromaty,przeciwutleniacz (kwas askorbinowy),regulator kwasowości (cytryniany sodu),substancja słodząca (glikozydy stewiolowe ze stewii),⁽¹⁾Rainforest Alliance CertifiedInne informacje o zawartości produktu:Przeciwutleniacze:Zawiera, \n\nSmaki / Aromaty:Zawiera, \n\nSubstancje słodzące:Zawiera"}, {"header": "Wartość odżywcza", "content": "W 100 mlWartość energetyczna10 kcalTłuszcz0 gw tym kwasy tłuszczowe nasycone0 gWęglowodany2.4 gw tym cukry2.2 gBiałko0 gSól0.02 g"}, {"header": "Przechowywanie i sposób przygotowania", "content": "Sposób podania:Najlepiej podawać schłodzony."}, {"header": "Pozostałe informacje", "content": "Producent:Pepsi-Cola General Bottlers Poland Sp. z o.o.,\nPlac Konesera 12,\n03-736 WarszawaNazwa wymagana prawnie:Niegazowany napój owocowo-herbaciany z ekstraktem zielonej herbaty. Zawiera cukier i substancję słodzącą. Pasteryzowany."}], "images": ["data/images/9083f2fd714fbebcc40a98fd4dccfeff.jpg"], "absolute_path": "Napoje/Niegazowane/Produkt 2"}
{"name": "Produkt 1", "url": "https://zakupy.biedronka.pl/oshee-oshee-vitamin-water-magnez-555-ml-0000018669.html", "title": "Oshee Vitamin Water Magnez 555 ml", "brand": "Oshee", "price": "3.79 PLN", "packaging_details": "0.555l- 6,83 zł / l", "description_sections": [{"header": "Opis produktu", "content": "Vitamin Water to unikalna kompozycja wody smakowej wzbogaconej o witaminy oraz mikro i makroelementy niezbędne do prawidłowego funkcjonowania organizmu. Zaspokajają 100 % naszego dziennego zapotrzebowania na te składniki."}, {"header": "Składniki i alergeny", "content": "Składniki:Woda, sok jabłkowy (20%) z zagęszczonego soku, cukier, regulator kwasowości: kwas cytrynowy; naturalne aromaty; witamin: niacyna, kwas pantotenowy, witamina B6, kwas foliowy, biotyna, witamina B12; składnik mineralny: węglan magnezu, przeciwutleniacz: kwas askorbinowy.Inne informacje o zawartości produktu:Zawiera surowce GMO:Nie, \n\nZawiera substancje konserwujące:Tak"}, {"header": "Wartość odżywcza", "content": "W 100 mlWartość energetyczna kcal21 kcalZawartość tłuszczów (ogólnie)0 gKwasy tłuszczowe nasycone0 gZawartość węglowodanów4.8 gCukry4.7 gZawartość białek0 gZawartość soli0.01 gWitaminy i składniki mineralnew 100 ml% RWS w 100 mlBiotyna (witamina B7)5 μg10%Kwas foliowy (witamina B9)20 μg10%Kwas pantotenowy (witamina B5)0.6 mg10%Magnez33.75 mg9%Niacyna (witamina B3, PP)1.6 mg10%Pirydoksyna (witamina B6)0.14 mg10%Witamina B120.25 μg10%"}, {"header": "Pozostałe informacje", "content": "Kraj pochodzenia:PolskaKraj pochodzenia zależy od konkretnej partii produktu jaka znajduje się w sklepie. Informację o kraju pochodzenia znajdziesz na opakowaniu. Możesz również dodać komentarz z preferowanym typem produktu w koszyku lub wiadomości dla shoppera (np. “prosze o pomidory polskie”).Producent:OSHEE Polska Sp. z o.o.\nAl. 3 Maja 9,\n30-062 Kraków,\nPolskaDystrybutor:OSHEE POLSKA SP. Z O.O.ALEJA 3 MAJA 9 30-062 KRAKÓWsekretariat@oshee.euImporter:OSHEE POLSKA SP. Z O.O.ALEJA 3 MAJA 9 30-062 KRAKÓW PLsekretariat@oshee.euNazwa wymagana prawnie:Napój niegazowany o smaku cytryny-pomarańczy z dodatkiem witamin i magnezu. Pasteryzowany."}], "images": ["data/images/9d73c980a1a717150f3ffa8304cd548e.jpg"], "absolute_path": "Napoje/Niegazowane/Produkt 1"}
{"name": "Produkt 29", "url": "https://zakupy.biedronka.pl/pepsi-cola-pepsi-cola-zero-cukru-napoj-gazowany-o-smaku-cola-1-l-0000016914.html", "title": "Pepsi-Cola Zero cukru Napój gazowany o smaku cola 1 l", "brand": "Pepsi-Cola", "price": "6.99 PLN", "packaging_details": "1l- 6,99 zł / l", "description_sections": [{"header": "Opis produktu", "content": "Pepsi Zero Cukru zaspokoi każde pragnienie! Pepsi cola w wersji bezcukrowej jest stałym towarzyszem każdego spotkania ze znajomymi i idealnym dopełnieniem do posiłku. Od 1893 roku miliony ludzi pokochały Pepsi – smak klasyki, który z każdym dniem zdobywa serca kolejnych pokoleń konsumentów.Nowy wygląd, ten sam świetny smak! To hasło, które jest na ustach wszystkich. Jesteśmy Thirsty For More, dlatego wśród produktów Pepsi możecie odnaleźć różne warianty smakowe. Pamiętaj, że Pepsi Zero Cukru najlepiej smakuje schłodzona, dostarczając maksymalnego orzeźwienia!Pepsi bez cukru jest dostępna w różnych pojemnościach – puszka Pepsi 0,2 l i 0,33 l, a także butelka Pepsi 0,5 l, 0,85 l i 1,5 l – odpowiednia ilość na każdą okazję. Niezależnie od tego, czy planujesz spotkanie z przyjaciółmi, potrzebujesz orzeźwienia po intensywnym dniu, czy chcesz skomponować niezapomniany posiłek, wybierz Pepsi Zero Cukru! Zero kalorii w napoju to tylko dodatkowa zaleta!Wybierz napoje gazowane Pepsi Zero Cukru i doświadcz niezrównanego orzeźwienia, które zadowoli każde podniebienie!Subrand:Zero cukru"}, {"header": "Składniki i alergeny", "content": "Składniki:woda,dwutlenek węgla,barwnik (E150d),substancje słodzące (aspartam, acesulfam K),kwasy (kwas fosforowy, kwas cytrynowy),regulator kwasowości (cytryniany sodu),aromaty, w tym kofeinaInne informacje o zawartości produktu:Barwniki:Zawiera, \n\nSmaki / Aromaty:Zawiera, \n\nSubstancje słodzące:Zawiera"}, {"header": "Wartość odżywcza", "content": "W 100 mlWartość energetyczna1 kcalTłuszcz0 gw tym kwasy tłuszczowe nasycone0 gWęglowodany0 gw tym cukry0 gBiałko0 gSól0.01 g"}, {"header": "Przechowywanie i sposób przygotowania", "content": "Sposób podania:Najlepiej podawać schłodzony."}, {"header": "Pozostałe informacje", "content": "Dystrybutor:Pepsi-Cola General Bottlers Poland Sp. z o.o.Plac Konesera 12 03-736 Warszawakonsument@pepsico.comNazwa wymagana prawnie:Napój gazowany o smaku cola nieposiadający wartości energetycznej. Zawiera substancje słodzące."}], "images": ["data/images/3f2e46e869cfd0d20fbf28e187da0c2c.jpg"], "absolute_path": "Napoje/Gazowane/Produkt 29"}
{"name": "Produkt 30", "url": "https://zakupy.biedronka.pl/4move-4move-active-vitamin-gazowany-napoj-smak-cytrusow-330-ml-0000008291.html", "title": "4Move Active Vitamin Gazowany napój smak cytrusów 330 ml", "brand": "4Move", "price": "2.99 PLN", "packaging_details": "0.33l- 9,06 zł / l", "description_sections": [{"header": "Opis produktu", "content": "Pomagają w prawidłowym funkcjonowaniu układu nerwowego oraz przyczyniają się do zmniejszenia uczucia zmęczenia i znużenia.Pamiętaj o zrównoważonym sposobie żywienia i zdrowym trybie życia.Subrand:Active Vitamin"}, {"header": "Składniki i alergeny", "content": "Składniki:woda,sok jabłkowy z zagęszczonego soku jabłkowego (20 %),kwas: kwas cytrynowy,dwutlenek węgla,cytrynian magnezu,naturalne aromaty,stabilizatory: guma arabska, estry glicerolu i żywicy roślinnej,naturalny aromat limonkowo-cytrynowy,substancje słodzące: aspartam, acesulfam K,witaminy: witamina C, niacyna, witamina B6, witamina B12,barwnik: karoteny,Wyprodukowany z zagęszczonego soku owocowego (zawartość soku min. 20 %)Inne informacje o zawartości produktu:Barwniki:Zawiera, \n\nSmaki / Aromaty:Zawiera, \n\nSubstancje słodzące:Zawiera"}, {"header": "Wartość odżywcza", "content": "W 100 mlWartość energetyczna11 kcalTłuszcz0 gw tym kwasy tłuszczowe nasycone0 gWęglowodany2.1 gw tym cukry2 gBiałko0 gSól0 gWitaminy i składniki mineralnew 100  ml% RWS w 100  mlMagnez56.9 mg50%Niacyna (B3)4.8 mg100%Witamina B120.76 µg100%Witamina B60.42 mg100%Witamina C24 mg100%"}, {"header": "Pozostałe informacje", "content": "Kraj pochodzenia:PolskaKraj pochodzenia zależy od konkretnej partii produktu jaka znajduje się w sklepie. Informację o kraju pochodzenia znajdziesz na opakowaniu. Możesz również dodać komentarz z preferowanym typem produktu w koszyku lub wiadomości dla shoppera (np. “prosze o pomidory polskie”).Producent:FoodCare Sp. z o.o.,\nul. Spokojna 4,\n32-080 ZabierzówNazwa wymagana prawnie:Pasteryzowany gazowany napój o smaku cytrusów z dodatkiem magnezu i witamin (witamina C, niacyna, witamina B6, witamina B12)."}], "images": ["data/images/1b391550dc0bd5b625606672fc7bc102.jpg"], "absolute_path": "Napoje/Gazowane/Produkt 30"}
{"name": "Produkt 3", "url": "https://zakupy.biedronka.pl/oshee-oshee-zero-drink-multifruit-750-ml-0000018670.html", "title": "Oshee Zero Drink Multifruit 750 ml", "brand": "Oshee", "price": "3.99 PLN", "packaging_details": "0.75l- 5,32 zł / l", "description_sections": [{"header": "Opis produktu", "content": "Podczas intensywnego wysiłku fizycznego organizm traci nie tylko wodę, ale również ważne dla zdrowia witaminy. Napój sportowy oshee, dzięki specjalnie opracowanej formule, nie tylko skutecznie gasi pragnienie, ale również uzupełnia niedobory witamin z grupy b. Za sprawą obniżonej kaloryczności, napój oshee ułatwia utrzymanie prawidłowej wagi. Sięgnij po oshee, a poczujesz się rześki. Oshee zero to - zero cukru. - Zero kompromisu ... By zwyciężać!"}, {"header": "Składniki i alergeny", "content": "Składniki:woda, kwas: kwas cytrynowy; regulatory kwasowości: cytryniany sodu, cytryniany potasu; substancje konserwujące: sorbinian potasu, benzoesan sodu; substancje słodzące: cyklaminiany, sacharyny, acesulfam K, aspartam; L-karnityna (20 mg/100 ml), stabilizatory: guma arabska, estry glicerolu i żywicy roślinnej; aromat, substancje wzbogacające: witaminy: niacyna, witamina B6 i biotyna; barwnik: błękit brylantowy FCF.Inne informacje o zawartości produktu:Zawiera surowce GMO:Nie, \n\nInformacje szczegółowe dotyczące środków słodzących:zawiera substancję słodzącą, zawiera aspartam (źródło fenyloalaniny), \n\nZawiera barwniki:Tak, \n\nZawiera aromaty:Tak, \n\nZawiera substancje konserwujące:Tak, \n\nZawiera kofeinę:Nie, \n\nDodatki zawarte w produkcie (E-symbole):E330 Kwas cytrynowy, E331 Cytryniany sodu, E332 Cytryniany potasu, E414 Guma arabska, E445 Estry glicerolu i żywicy roślinnej, E950 Acesulfam K, E951 Aspartam, E202 Sorbinian potasu, E211 Benzoesan sodu, E133 Błękit brylantowy FCF"}, {"header": "Wartość odżywcza", "content": "W 100 mlWartość energetyczna kcal1 kcalZawartość tłuszczów (ogólnie)0 gKwasy tłuszczowe nasycone0 gZawartość węglowodanów0 gCukry0 gZawartość białek0 gZawartość soli0.11 gWitaminy i składniki mineralnew 100 ml% RWS w 100 mlBiotyna (witamina B7)3.75 μg7.5%Niacyna (witamina B3, PP)1.2 mg7.5%Pirydoksyna (witamina B6)0.11 mg7.5%"}, {"header": "Pozostałe informacje", "content": "Kraj pochodzenia:PolskaKraj pochodzenia zależy od konkretnej partii produktu jaka znajduje się w sklepie. Informację o kraju pochodzenia znajdziesz na opakowaniu. Możesz również dodać komentarz z preferowanym typem produktu w koszyku lub wiadomości dla shoppera (np. “prosze o pomidory polskie”).Producent:Oshee Polska Sp. z o.o.\nAl. 3 Maja 9\n30-062 Kraków,\nPolskaDystrybutor:OSHEE POLSKA SP. Z O.O.ALEJA 3 MAJA 9 30-062 KRAKÓWsekretariat@oshee.euImporter:OSHEE POLSKA SP. Z O.O.ALEJA 3 MAJA 9 30-062 KRAKÓW PLsekretariat@oshee.euNazwa wymagana prawnie:Napój niegazowany o smaku wieloowocowym z dodatkiem witamin i L-karnityny. Zawiera substancje słodzące. Zawiera źródło fenyloalaniny"}], "images": ["data/images/ab77c0fcc14b9a5ffb5684b3d174a1c6.jpg"], "absolute_path": "Napoje/Niegazowane/Produkt 3"}
{"name": "Produkt 8", "url": "https://zakupy.biedronka.pl/oshee-oshee-napoj-izotoniczny-niegazowany-o-smaku-grejpfrutowym-750-ml-0000018665.html", "title": "Oshee Napój izotoniczny niegazowany o smaku grejpfrutowym 750 ml", "brand": "Oshee", "price": "3.79 PLN", "packaging_details": "0.75l- 5,05 zł / l", "description_sections": [{"header": "Opis produktu", "content": "Roztwory węglowodanowo-elektrolitowe zwiększają wchłanianie wody podczas ćwiczeń fizycznych oraz pomagają utrzymać wytrzymałość podczas długotrwałych ćwiczeń wytrzymałościowych."}, {"header": "Składniki i alergeny", "content": "Składniki:woda,glukoza,kwas: kwas cytrynowy,cytrynian sodu,substancje konserwujące: sorbinian potasu, benzoesan sodu,regulator kwasowości: cytryniany potasu,substancje słodzące: aspartam, acesulfam K,naturalny aromat,stabilizatory: guma arabska, estry glicerolu i żywicy roślinnej,witaminy: niacyna, witamina B6, biotyna"}, {"header": "Przechowywanie i sposób przygotowania", "content": "Sposób podania:Tworzenie się osadów jest zjawiskiem naturalnym. Przed otwarciem delikatnie wstrząsnąć."}, {"header": "Pozostałe informacje", "content": "Nazwa wymagana prawnie:Napój izotoniczny niegazowany o smaku grejpfrutowym z dodatkiem witamin. Zawiera cukier i substancje słodzące."}], "images": ["data/images/fd3ab3477feb88e71326efb51462dbeb.jpg"], "absolute_path": "Napoje/Niegazowane/Produkt 8"}
{"name": "Produkt 5", "url": "https://zakupy.biedronka.pl/lipton-lipton-ice-tea-lemon-napoj-niegazowany-500-ml-0000016911.html", "title": "Lipton Ice Tea Lemon Napój niegazowany 500 ml", "brand": "Lipton", "price": "4.79 PLN", "packaging_details": "0.5l- 9,58 zł / l", "description_sections": [{"header": "Opis produktu", "content": "Lipton Fruity Ice Tea Lemon Flavour to niegazowany napój o orzeźwiającym smaku cytrynowym, wzbogacony ekstraktem czarnej herbaty, który zachwyca doskonałym balansem smaku i uczucia świeżości. Ta wersja stanowi pyszną mieszankę ekstraktu z herbaty i cytrynowego smaku, zawiera też dodatek soków owocowych. Lipton Fruity Ice Tea Lemon flavour to pyszne orzeźwienie na każdą okazję.Szukasz napoju, który będzie równie fajny jak Ty? Napój Lipton Fruity Ice Tea o smaku cytrynowym właśnie taki jest! Ponadto doskonale gasi pragnienie w upalny dzień. Więc po co czekać? Wypij łyk i poczuj przepływające przez Ciebie słońce!Lipton Fruity Ice Tea Lemon Flavour jest dostępna w różnych pojemnościach – 0,33L, 0,5L, 1,5L Więc niezależnie, czy potrzebujesz małego orzeźwienia w ciągu dnia, czy większej dawki na spotkanie z przyjaciółmi, Lipton Fruity Ice Tea o smaku cytrynowym zawsze będzie doskonałym wyborem!Ciesz się wyjątkowym smakiem i orzeźwieniem z Lipton! Napój o smaku herbaty z cytryną jest idealny na każdą okazję. Sięgnij po pyszny napój Fruity Ice Tea od Lipton, który doda uśmiechu i radości do Twojego dnia!Subrand:Ice Tea"}, {"header": "Składniki i alergeny", "content": "Składniki:woda,sok jabłkowy z soku zagęszczonego (20,1 %),cukier,kwas (kwas cytrynowy),ekstrakt czarnej herbaty (0,12 %),sok cytrynowy z soku zagęszczonego (0,1 %),regulator kwasowości (cytryniany sodu),aromaty,przeciwutleniacz (kwas askorbinowy),substancja słodząca (glikozydy stewiolowe ze stewii)"}, {"header": "Przechowywanie i sposób przygotowania", "content": "Sposób podania:Najlepiej podawać schłodzony."}, {"header": "Pozostałe informacje", "content": "Nazwa wymagana prawnie:Niegazowany napój owocowo-herbaciany o smaku cytrynowym z ekstraktem czarnej herbaty. Zawiera cukier i substancję słodzącą. Pasteryzowany."}], "images": ["data/images/ee4a723eac054e91224333b60be3eecb.jpg"], "absolute_path": "Napoje/Niegazowane/Produkt 5"}
{"name": "Produkt 7", "url": "https://zakupy.biedronka.pl/go-active-go-active-izotonik-o-smaku-pomaranczowym-750-ml-0000011250.html", "title": "Go Active Izotonik o smaku pomarańczowym 750 ml", "brand": "Go Active", "price": "2.99 PLN", "packaging_details": "0.75l- 3,99 zł / l", "description_sections": [{"header": "Składniki i alergeny", "content": "Składniki:woda, glukoza, kwas: kwas cytrynowy; cytryniany sodu, regulator kwasowości: cytryniany potasu; aromaty, stabilizatory: guma arabska, estry glicerolu i żywicy roślinnej; przeciwutleniacz: kwas askorbinowy; substancje słodzące: aspartam, acesulfam K; barwnik: beta-karoten, witaminy: niacyna, kwas pantotenowy, witamina B6, kwas foliowy, biotyna, witamina B12.Inne informacje o zawartości produktu:Zawiera surowce GMO:Nie, \n\nInformacje szczegółowe dotyczące środków słodzących:zawiera cukier (cukry) i substancję słodzącą, zawiera aspartam (źródło fenyloalaniny), zawiera źródło fenyloalaniny, zawiera substancję słodzącą, \n\nZawiera przeciwutleniacze:Tak, \n\nZawiera barwniki:Tak, \n\nZawiera aromaty:Tak, \n\nZawiera substancje konserwujące:Nie, \n\nDodatki zawarte w produkcie (E-symbole):E331 Cytryniany sodu, E951 Aspartam, E950 Acesulfam K, E414 Guma arabska, E445 Estry glicerolu i żywicy roślinnej, E332 Cytryniany potasu, E330 Kwas cytrynowy, E300 Kwas askorbinowy, witamina c, E160a(i) Beta-karoten, \n\nFunkcje dodatków obecnych w produkcie (zadeklarowanych jako dodatki lub numery E):Regulator kwasowości, Substancja słodząca, Stabilizator, Kwas, Barwnik, Przeciwutleniacz, \n\nDodatkowe informacje na temat produktu:Roztwory węglowodanowo-elektrolitowe zwiększają wchłanianie wody podczas ćwiczeń fizycznych. Ważny jest zrównoważony sposób żywienia i zdrowy tryb życia."}, {"header": "Wartość odżywcza", "content": "W 100 mlWartość energetyczna kcal16 kcalZawartość tłuszczów (ogólnie)0 gKwasy tłuszczowe nasycone0 gZawartość węglowodanów4.1 gCukry4.1 gZawartość białek0 gZawartość soli0.12 gWitaminy i składniki mineralnew% RWS wBiotyna (%RWS)15 %RWS0%Biotyna (witamina B7)7.5 μg0%Kwas foliowy (%RWS)15 %RWS0%Kwas foliowy (witamina B9)30 μg0%Niacyna (%RWS)15 %RWS0%Niacyna (witamina B3, PP)2.4 mg0%Pirydoksyna (witamina B6)0.21 mg0%Witamina B120.38 μg0%Witamina B12 (%RWS)15 %RWS0%Witamina B6 (%RWS)15 %RWS0%"}, {"header": "Pozostałe informacje", "content": "Producent:Jeronimo Martins Polska S.A.Dystrybutor:Jeronimo Martins Polska S.A.Żniwna 5 62-025 KostrzynImporter:Jeronimo Martins Polska S.A.Żniwna 5 62-025 Kostrzyn PLNazwa wymagana prawnie:Napój izotoniczny niegazowany o smaku pomarańczowym dodatkiem witamin. Zawiera cukier i substancje słodzące. Pasteryzowany. Zawiera źródło fenyloalaniny."}], "images": ["data/images/a7638ec2a520e82f09a4da70aede4575.jpg"], "absolute_path": "Napoje/Niegazowane/Produkt 7"}
{"name": "Produkt 6", "url": "https://zakupy.biedronka.pl/go-active-go-active-izotonik-o-smaku-cytrynowym-750-ml-0000011251.html", "title": "Go Active Izotonik o smaku cytrynowym 750 ml", "brand": "Go Active", "price": "2.99 PLN", "packaging_details": "0.75l- 3,99 zł / l", "description_sections": [{"header": "Składniki i alergeny", "content": "Składniki:woda, glukoza, kwas: kwas cytrynowy; cytryniany sodu, regulator kwasowości: cytryniany potasu; naturalny aromat, stabilizatory: guma arabska, estry glicerolu i żywicy roślinnej; przeciwutleniacz: kwas askorbinowy; substancje słodzące: aspartam, acesulfam K; barwnik: beta-karoten, witaminy: niacyna, kwas pantotenowy, witamina B6, kwas foliowy, biotyna, witamina B12.Inne informacje o zawartości produktu:Zawiera surowce GMO:Nie, \n\nInformacje szczegółowe dotyczące środków słodzących:zawiera cukier (cukry) i substancję słodzącą, zawiera aspartam (źródło fenyloalaniny), zawiera źródło fenyloalaniny, zawiera substancję słodzącą, \n\nZawiera przeciwutleniacze:Tak, \n\nZawiera barwniki:Tak, \n\nZawiera aromaty:Tak, \n\nZawiera substancje konserwujące:Nie, \n\nDodatki zawarte w produkcie (E-symbole):E331 Cytryniany sodu, E951 Aspartam, E950 Acesulfam K, E414 Guma arabska, E445 Estry glicerolu i żywicy roślinnej, E332 Cytryniany potasu, E330 Kwas cytrynowy, E300 Kwas askorbinowy, witamina c, E160a(i) Beta-karoten, \n\nFunkcje dodatków obecnych w produkcie (zadeklarowanych jako dodatki lub numery E):Regulator kwasowości, Substancja słodząca, Stabilizator, Kwas, Barwnik, Przeciwutleniacz, \n\nDodatkowe informacje na temat produktu:Roztwory węglowodanowo-elektrolitowe zwiększają wchłanianie wody podczas ćwiczeń fizycznych. Ważny jest zrównoważony sposób żywienia i zdrowy tryb życia."}, {"header": "Wartość odżywcza", "content": "W 100 mlWartość energetyczna kcal16 kcalZawartość tłuszczów (ogólnie)0 gKwasy tłuszczowe nasycone0 gZawartość węglowodanów4.1 gCukry4.1 gZawartość białek0 gZawartość soli0.12 gWitaminy i składniki mineralnew% RWS wBiotyna (%RWS)15 %RWS0%Biotyna (witamina B7)7.5 μg0%Kwas foliowy (%RWS)15 %RWS0%Kwas foliowy (witamina B9)30 μg0%Niacyna (%RWS)15 %RWS0%Niacyna (witamina B3, PP)2.4 mg0%Pirydoksyna (witamina B6)0.21 mg0%Witamina B120.38 μg0%Witamina B12 (%RWS)15 %RWS0%Witamina B6 (%RWS)15 %RWS0%"}, {"header": "Pozostałe informacje", "content": "Producent:Jeronimo Martins Polska S.A.Dystrybutor:Jeronimo Martins Polska S.A.Żniwna 5 62-025 KostrzynImporter:Jeronimo Martins Polska S.A.Żniwna 5 62-025 Kostrzyn PLNazwa wymagana prawnie:Napój izotoniczny niegazowany o smaku cytrynowym dodatkiem witamin. Zawiera cukier i substancje słodzące. Pasteryzowany. Zawiera źródło fenyloalaniny."}], "images": ["data/images/ecc4fe5be973a8386f67e86934935715.jpg"], "absolute_path": "Napoje/Niegazowane/Produkt 6"}
{"name": "Produkt 4", "url": "https://zakupy.biedronka.pl/oshee-oshee-napoj-izotoniczny-multifruit-750-ml-0000018664.html", "title": "Oshee Napój izotoniczny Multifruit 750 ml", "brand": "Oshee", "price": "3.79 PLN", "packaging_details": "0.75l- 5,05 zł / l", "description_sections": [{"header": "Opis produktu", "content": "Podczas intensywnego wysiłku fizycznego twój organizm traci nie tylko wodę, ale również ważne dla zdrowia witaminy, węglowodany oraz elektrolity takie jak sód i potas. Napoje izotoniczne oshee dzięki specjalnie opracowanej formule nie tylko skutecznie gaszą pragnienie, ale również uzupełniają niedobory składników utraconych podczas wysiłku fizycznego. Stężenie osmotyczne napoju zbliżone do osmolarności ludzkich płynów ustrojowych gwarantuje szybkie i efektywne przyswajanie napoju, co warunkuje utrzymanie odpowiedniego poziomu nawodnienia organizmu oraz natychmiastowy wzrost energii i wytrzymałości. Jeśli więc brak ci sił, sięgnij po oshee, a poczujesz się rześki i pełen energii."}, {"header": "Składniki i alergeny", "content": "Składniki:woda, glukoza, kwas: kwas cytrynowy; cytrynian sodu, substancje konserwujące: sorbinian potasu, benzoesan sodu; regulator kwasowości: cytryniany potasu; substancje słodzące: aspartam, acesulfam K; stabilizatory: guma arabska, estry glicerolu i żywicy roślinnej; aromat, witaminy: niacyna, witamina B6, biotyna, barwnik: błękit brylantowy FCF.Inne informacje o zawartości produktu:Zawiera surowce GMO:Nie, \n\nZawiera substancje konserwujące:Tak"}, {"header": "Wartość odżywcza", "content": "W 100 gWartość energetyczna kcal18 kcalZawartość tłuszczów (ogólnie)0 gKwasy tłuszczowe nasycone0 gZawartość węglowodanów4.1 gCukry4 gZawartość białek0 gZawartość soli0.14 gWitaminy i składniki mineralnew 100 ml% RWS w 100 mlBiotyna (witamina B7)3.75 μg7.5%Niacyna (witamina B3, PP)1.2 mg7.5%Pirydoksyna (witamina B6)0.11 mg7.5%"}, {"header": "Pozostałe informacje", "content": "Kraj pochodzenia:PolskaKraj pochodzenia zależy od konkretnej partii produktu jaka znajduje się w sklepie. Informację o kraju pochodzenia znajdziesz na opakowaniu. Możesz również dodać komentarz z preferowanym typem produktu w koszyku lub wiadomości dla shoppera (np. “prosze o pomidory polskie”).Nazwa wymagana prawnie:Napój izotoniczny niegazowany o smaku wieloowocowym z dodatkiem witamin. Zawiera cukier i substancje słodzące. Zawiera źródło fenyloalaniny."}], "images": ["data/images/027ae0f2a91e675b71f020b6c2ed67f9.jpg"], "absolute_path": "Napoje/Niegazowane/Produkt 4"}
{"name": "Produkt 10", "url": "https://zakupy.biedronka.pl/plusssz-plusssz-suplement-diety-elektrolity-complex-smak-ananas-and-mango-20-x-43-g-86-g-0000015001.html", "title": "Plusssz Suplement diety elektrolity complex smak ananas & mango (20 x 4,3 g) 86 g", "brand": "Plusssz", "price": "6.99 PLN", "packaging_details": "1opak.- 6,99 zł / opa", "description_sections": [{"header": "Opis produktu", "content": "Magnez pomaga w utrzymaniu prawidłowych funkcji psychologicznych oraz przyczynia się do zmniejszenia uczucia zmęczenia i znużenia."}, {"header": "Składniki i alergeny", "content": "Składniki:regulator kwasowości: kwas cytrynowy,diwęglan sodu,mleczan magnezu,glukoza,substancja wypełniająca: sorbitole,cytrynian potasu,węglan wapnia,aromaty,substancje przeciwzbrylające: poliwinylopirolidon, glikol polietylenowy,substancje słodzące: cyklaminiany, sacharyny,barwnik: ryboflawiny,sok owocowy w proszku - 0,1 %Alergeny:Może zawierać MlekoInne informacje o zawartości produktu:Barwniki:Zawiera, \n\nSmaki / Aromaty:Zawiera, \n\nSubstancje słodzące:Zawiera"}, {"header": "Przechowywanie i sposób przygotowania", "content": "Sposób podania:Sposób przygotowania: rozpuścić jedną tabletkę w szklance (200 ml) chłodnej wody. Zaleca się spożywać 4 tabletki dziennie. Nie przekraczać zalecanej porcji do spożycia w ciągu dnia. Suplementy diety nie mogą być stosowane jako substytut (zamiennik) zróżnicowanej diety.Zrównoważona dieta i zdrowy tryb życia są istotne dla zachowania zdrowia."}, {"header": "Pozostałe informacje", "content": "Producent:\"Polski Lek\" S.A.\nul. Chopina 10\n34-100 WadowiceNazwa wymagana prawnie:Suplement diety. Tabletki musujące o smaku ananas-mango. Zawiera cukier i substancje słodzące."}], "images": ["data/images/5008633e6569d1b805fe20e91f73025f.jpg"], "absolute_path": "Napoje/Niegazowane/Produkt 10"}
{"name": "Produkt 12", "url": "https://zakupy.biedronka.pl/jumijumi-jumijumi-napoj-liczi-z-kawalkami-galaretki-kokosowej-nata-de-coco-320-ml-0000020413.html", "title": "JumiJumi Napój liczi z kawałkami galaretki kokosowej nata de coco 320 ml", "brand": "JumiJumi", "price": "3.99 PLN", "packaging_details": "0.32l- 12,47 zł / l", "description_sections": [{"header": "Opis produktu", "content": "Napój Jumi Jumi o smaku liczi z nata de coco to przysmak, w formie kostek o żelowej sprężystej konsystencji, wytwarzany w procesie fermentacji wody kokosowej. Jest to tradycyjny filipiński deser nazywany galaretką kokosową . JumiJumi to pyszny orzeźwiający owocowy napój i przekąska w jednym! Połączenie uderzająco świeżego soku owocowego i delikatnych kawałków Nata de Coco w jednej butelce zapewnia nowe, wyjątkowe doznania. JumiJumi to jedyne w swoim rodzaju połączenie soku owocowego i delikatnych kawałków galaretki kokosowej w idealnie zbalansowanych proporcjach: 25% naturalnego soku, prosto z owoców (a nie z koncentratu!) + 25% Nata de Coco. A do tego dobroczynny błonnik i 0% tłuszczu."}, {"header": "Składniki i alergeny", "content": "Składniki:woda, sok z liczi (25 %), galaretka kokosowa nata de coco (fermentowana woda kokosowa) (25 %), cukier, kwas: kwas cytrynowy, substancja zagęszczająca: guma gellan, przeciwutleniacz: kwas askorbinowy, aromat liczi, substancja konserwująca: E202, barwnik :E163Inne informacje o zawartości produktu:Informacje szczegółowe dotyczące środków słodzących:zawiera cukier (cukry) i substancję słodzącą, \n\nZawiera surowce GMO:Nie, \n\nZawiera lukrecję:Nie, \n\nZawiera chininę:Nie, \n\nZawiera taurynę:Nie, \n\nZawiera przeciwutleniacze:Nie, \n\nZawiera wzmacniacze smaku:Nie, \n\nZawiera fosforany:Nie, \n\nZawiera siarczyny:Nie, \n\nZawiera barwniki:Tak, \n\nZawiera aromaty:Nie, \n\nZawiera antybiotyki:Nie, \n\nZawiera substancje konserwujące:Nie, \n\nZawiera tłuszcze utwardzone (trans):Nie, \n\nZawiera olej palmowy:Nie, \n\nZawiera kofeinę:Nie, \n\nOsłonka niejadalna:Nie"}, {"header": "Wartość odżywcza", "content": "W 100 mlWartość energetyczna kcal42 kcalZawartość tłuszczów (ogólnie)0 gKwasy tłuszczowe nasycone0 gKwasy tłuszczowe jednonienasycone0 gKwasy tłuszczowe wielonienasycone0 gZawartość węglowodanów10.5 gCukry10 gAlkohole wielowodorotlenowe - poliole0 gSkrobia0 gZawartość błonnika0 gZawartość białek0 gZawartość soli0.08 g"}, {"header": "Pozostałe informacje", "content": "Kraj pochodzenia:WietnamKraj pochodzenia zależy od konkretnej partii produktu jaka znajduje się w sklepie. Informację o kraju pochodzenia znajdziesz na opakowaniu. Możesz również dodać komentarz z preferowanym typem produktu w koszyku lub wiadomości dla shoppera (np. “prosze o pomidory polskie”).Producent:Gladio Sp Z o.o.Stolarska 7 07-200 Wyszków PLartur.brynda@gladiogroup.euImporter:Gladio Sp Z o.o.Stolarska 7 07-200 Wyszków PLartur.brynda@gladiogroup.euNazwa wymagana prawnie:Napój liczi z kawałkami galaretki kokosowej nata de coco, pasteryzowany"}], "images": ["data/images/bcc9fe37142b297b79de8592d89c84ac.jpg"], "absolute_path": "Napoje/Niegazowane/Produkt 12"}
{"name": "Produkt 11", "url": "https://zakupy.biedronka.pl/plusssz-plusssz-suplement-diety-100-multiwitamina-smak-pomarancza-and-mango-20-x-4-g-80-g-0000015002.html", "title": "Plusssz Suplement diety 100 % multiwitamina smak pomarańcza & mango (20 x 4 g) 80 g", "brand": "Plusssz", "price": "6.99 PLN", "packaging_details": "1opak.- 6,99 zł / opa", "description_sections": [{"header": "Opis produktu", "content": "Smak i witaminy w jednej tabletce!Bez dodatku cukru. Zawiera naturalnie występujące cukry."}, {"header": "Składniki i alergeny", "content": "Składniki:regulatory kwasowości: kwas cytrynowy, węglany sodu,substancja wypełniająca: sorbitole,witaminy (kwas L-askorbinowy, amid kwasu nikotynowego, octan DL-alfa-tokoferylu, D-pantotenian wapnia, chlorowodorek pirydoksyny, ryboflawina, monoazotan tiaminy, kwas pteroilomonoglutaminowy, D-biotyna, cyjanokobalamina),aromaty,substancje przeciwzbrylające: poliwinylopirolidon, glikol polietylenowy,substancje słodzące: cyklaminiany, sacharyny,koncentrat soku buraka czerwonego w proszku,barwnik: karoteny,sok pomarańczowy w proszku - 0,1 %,sok mango w proszku - 0,1 %Alergeny:Może zawierać MlekoInne informacje o zawartości produktu:Barwniki:Zawiera, \n\nSmaki / Aromaty:Zawiera, \n\nSubstancje słodzące:Zawiera"}, {"header": "Przechowywanie i sposób przygotowania", "content": "Sposób podania:Sposób przygotowania: rozpuścić jedną tabletkę w szklance (200 ml) zimnej wody. Zaleca się spożywać 1 tabletkę dziennie. Nie przekraczać zalecanej porcji do spożycia w ciągu dnia. Suplementy diety nie mogą być stosowane jako substytut (zamiennik) zróżnicowanej diety.Zrównoważona dieta i zdrowy tryb życia są istotne dla zachowania zdrowia."}, {"header": "Pozostałe informacje", "content": "Producent:\"POLSKI LEK\" Sp. z o.o.\nul. Chopina 10\n34-100 WadowiceNazwa wymagana prawnie:Suplement diety. Zawiera substancje słodzące. Tabletki musujące."}], "images": ["data/images/f750c8f1644ae60e785c67a1c29df080.jpg"], "absolute_path": "Napoje/Niegazowane/Produkt 11"}
{"name": "Produkt 13", "url": "https://zakupy.biedronka.pl/go-active-go-active-izotonik-o-smaku-wieloowocowym-750-ml-0000011249.html", "title": "Go Active Izotonik o smaku wieloowocowym 750 ml", "brand": "Go Active", "price": "2.99 PLN", "packaging_details": "0.75l- 3,99 zł / l", "description_sections": [{"header": "Składniki i alergeny", "content": "Składniki:woda, glukoza, kwas: kwas cytrynowy; cytryniany sodu, regulator kwasowości: cytryniany potasu; aromat, koncentrat soku czarnej marchwi, stabilizatory: guma arabska, estry glicerolu i żywicy roślinnej; substancje słodzące: aspartam i acesulfam K; witaminy: niacyna, kwas pantotenowy, witamina B6, kwas foliowy, biotyna, witamina B12.Inne informacje o zawartości produktu:Zawiera surowce GMO:Nie, \n\nInformacje szczegółowe dotyczące środków słodzących:zawiera cukier (cukry) i substancję słodzącą, zawiera aspartam (źródło fenyloalaniny), zawiera źródło fenyloalaniny, zawiera substancję słodzącą, \n\nZawiera barwniki:Nie, \n\nZawiera substancje konserwujące:Nie, \n\nDodatki zawarte w produkcie (E-symbole):E331 Cytryniany sodu, E951 Aspartam, E950 Acesulfam K, E414 Guma arabska, E445 Estry glicerolu i żywicy roślinnej, E332 Cytryniany potasu, E330 Kwas cytrynowy, \n\nFunkcje dodatków obecnych w produkcie (zadeklarowanych jako dodatki lub numery E):Regulator kwasowości, Substancja słodząca, Stabilizator, Kwas, \n\nDodatkowe informacje na temat produktu:Roztwory węglowodanowo-elektrolitowe zwiększają wchłanianie wody podczas ćwiczeń fizycznych. Ważny jest zrównoważony sposób żywienia i zdrowy tryb życia."}, {"header": "Wartość odżywcza", "content": "W 100 mlWartość energetyczna kcal16 kcalZawartość tłuszczów (ogólnie)0 gKwasy tłuszczowe nasycone0 gZawartość węglowodanów4.1 gCukry4.1 gZawartość białek0 gZawartość soli0.12 gWitaminy i składniki mineralnew% RWS wBiotyna (%RWS)15 %RWS0%Biotyna (witamina B7)7.5 μg0%Kwas foliowy (%RWS)15 %RWS0%Kwas foliowy (witamina B9)30 μg0%Niacyna (%RWS)15 %RWS0%Niacyna (witamina B3, PP)2.4 mg0%Pirydoksyna (witamina B6)0.21 mg0%Witamina B120.38 μg0%Witamina B12 (%RWS)15 %RWS0%Witamina B6 (%RWS)15 %RWS0%"}, {"header": "Pozostałe informacje", "content": "Producent:Jeronimo Martins Polska S.A.Dystrybutor:Jeronimo Martins Polska S.A.Żniwna 5 62-025 KostrzynImporter:Jeronimo Martins Polska S.A.Żniwna 5 62-025 Kostrzyn PLNazwa wymagana prawnie:Napój izotoniczny niegazowany o smaku wieloowocowym z dodatkiem witamin. Zawiera cukier i substancje słodzące. Pasteryzowany. Zawiera źródło fenyloalaniny."}], "images": ["data/images/91531bee6b7d3b071cb40e5d6f10fe10.jpg"], "absolute_path": "Napoje/Niegazowane/Produkt 13"}
{"name": "Produkt 9", "url": "https://zakupy.biedronka.pl/oshee-oshee-napoj-izotoniczny-runners-750-ml-0000018666.html", "title": "Oshee Napój izotoniczny Runners 750 ml", "brand": "Oshee", "price": "3.79 PLN", "packaging_details": "0.75l- 5,05 zł / l", "description_sections": [{"header": "Opis produktu", "content": "Podczas intensywnego wysiłku fizycznego twój organizm traci nie tylko wodę, ale również ważne dla zdrowia witaminy, węglowodany oraz elektrolity takie jak sód i potas. Napoje izotoniczne oshee dzięki specjalnie opracowanej formule nie tylko skutecznie gaszą pragnienie, ale również uzupełniają niedobory składników utraconych podczas wysiłku fizycznego. Stężenie osmotyczne napoju zbliżone do osmolarności ludzkich płynów ustrojowych gwarantuje szybkie i efektywne przyswajanie napoju, co warunkuje utrzymanie odpowiedniego poziomu nawodnienia organizmu oraz natychmiastowy wzrost energii i wytrzymałości. Jeśli więc brak ci sił, sięgnij po oshee, a poczujesz się rześki i pełen energii."}, {"header": "Składniki i alergeny", "content": "Składniki:woda, glukoza, kwas: kwas cytrynowy; regulatory kwasowości: cytryniany potasu, węglany magnezu; cytrynian sodu, substancje konserwujące: sorbinian potasu, benzoesan sodu; przeciwutleniacz: kwas askorbinowy; substancje słodzące: aspartam, acesulfam K; stabilizatory: guma arabska, estry glicerolu i żywicy roślinnej; aromat, witaminy: niacyna, witamina B6, biotyna; barwniki: żółcień pomarańczowa FCF - może mieć szkodliwy wpływ na aktywność i skupienie uwagi u dzieci, karmel amoniakalno-siarczanowy, karoteny.Inne informacje o zawartości produktu:Zawiera surowce GMO:Nie, \n\nInformacje szczegółowe dotyczące środków słodzących:zawiera cukier (cukry) i substancję słodzącą, zawiera aspartam (źródło fenyloalaniny), zawiera źródło fenyloalaniny, \n\nZawiera barwniki:Tak, \n\nZawiera aromaty:Tak, \n\nDodatki zawarte w produkcie (E-symbole):E330 Kwas cytrynowy, E332 Cytryniany potasu, E504(i) Węglan magnezu, E331 Cytryniany sodu, E202 Sorbinian potasu, E211 Benzoesan sodu, E300 Kwas askorbinowy, witamina c, E951 Aspartam, E950 Acesulfam K, E414 Guma arabska, E445 Estry glicerolu i żywicy roślinnej, E110 Żółcień pomarańczowa (FCF), E150d Karmel amoniakalno-siarczynowy"}, {"header": "Wartość odżywcza", "content": "W 100 mlWartość energetyczna kcal18 kcalZawartość tłuszczów (ogólnie)0 gKwasy tłuszczowe nasycone0 gZawartość węglowodanów3.9 gCukry3.8 gZawartość białek0 gZawartość soli0.14 gWitaminy i składniki mineralnew 100 ml% RWS w 100 mlBiotyna (witamina B7)3.75 μg7.5%Niacyna (witamina B3, PP)1.2 mg7.5%Pirydoksyna (witamina B6)0.11 mg7.5%"}, {"header": "Pozostałe informacje", "content": "Kraj pochodzenia:PolskaKraj pochodzenia zależy od konkretnej partii produktu jaka znajduje się w sklepie. Informację o kraju pochodzenia znajdziesz na opakowaniu. Możesz również dodać komentarz z preferowanym typem produktu w koszyku lub wiadomości dla shoppera (np. “prosze o pomidory polskie”).Nazwa wymagana prawnie:Napój izotoniczny niegazowany o smaku pomarańczowym z dodatkiem witamin, potasu, magnezu. Zawiera cukier i substancje słodzące. Zawiera źródło fenyloalaniny."}], "images": ["data/images/e7b76a47fe9dc9db97b50377e943abb5.jpg"], "absolute_path": "Napoje/Niegazowane/Produkt 9"}
{"name": "Produkt 16", "url": "https://zakupy.biedronka.pl/drwitt-drwitt-izotoniczny-napoj-owocowy-o-smaku-kaktusa-750-ml-0000024214.html", "title": "DrWitt Izotoniczny napój owocowy o smaku kaktusa 750 ml", "brand": "DrWitt", "price": "3.49 PLN", "packaging_details": "0.75l- 4,65 zł / l", "description_sections": [{"header": "Opis produktu", "content": "Witaminy B6, B12 i biotyna przyczyniają się do zmniejszenia uczucia zmęczenia i znużenia. Roztwory węglowodanowo−elektrolitowe zwiększają wchłanianie wody podczas ćwiczeń fizycznych. Butelka idealna do koszyczka rowerowego. Bez konserwantów, idealne nawodnienie."}, {"header": "Składniki i alergeny", "content": "Składniki:woda, sok jabłkowy z zagęszczonego soku (20 %), glukoza,regulatory kwasowości: kwas cytrynowy i cytryniany sodu; stabilizatory:guma arabska oraz estry glicerolu i zywicy roslinnej; aromaty, substancjasłodząca: sukraloza; witaminy: niacyna, B6, kwas foliowy, B12, biotyna ikwas pantotenowy; barwniki: karmel, błękit brylantowy FCF, zółcieńchinolinowa - może mieć szkodliwy wpływ na aktywność i skupienieuwagi u dzieci."}, {"header": "Pozostałe informacje", "content": "Kraj pochodzenia:PolskaKraj pochodzenia zależy od konkretnej partii produktu jaka znajduje się w sklepie. Informację o kraju pochodzenia znajdziesz na opakowaniu. Możesz również dodać komentarz z preferowanym typem produktu w koszyku lub wiadomości dla shoppera (np. “prosze o pomidory polskie”).Nazwa wymagana prawnie:Izotoniczny napój owocowy o smaku kaktusa z dodatkiem witamin. Niegazowany, pasteryzowany. Zawiera cukier i substancję słodzącą."}], "images": ["data/images/9cbdb09ff3e970546a8be66b33d84389.jpg"], "absolute_path": "Napoje/Niegazowane/Produkt 16"}
{"name": "Produkt 18", "url": "https://zakupy.biedronka.pl/drwitt-drwitt-napoj-izotoniczny-o-smaku-zielonego-jablka-550-ml-0000020434.html", "title": "DrWitt Napój izotoniczny o smaku zielonego jabłka 550 ml", "brand": "DrWitt", "price": "2.99 PLN", "packaging_details": "0.55l- 5,44 zł / l", "description_sections": [{"header": "Opis produktu", "content": "75 %* Witamina E pomaga w ochronie komórek przed stresem oksydacyjnym. 25 %* Magnez (Mg) pomaga w prawidłowym funkcjonowaniu mięśni. witamina E cytrynian magnezu Roztwory węglowodanowo-elektrolitowe zwiększają wchłanianie wody podczas ćwiczeń fizycznych. Zrównoważona dieta oraz zdrowy tryb życia mają znaczenie dla zachowania zdrowia."}, {"header": "Składniki i alergeny", "content": "Składniki:woda,glukoza,cukier,maltodekstryna,regulatory kwasowości: kwas cytrynowy i cytryniany sodu,stabilizatory: guma arabska oraz estry glicerolu i żywicy roślinnej,aromaty,ekstrakt z krokosza barwierskiego,barwniki: karmel i błękit brylantowy FCF,magnez,witaminy: E, niacyna, B6, kwas foliowy, B12, biotyna i kwas pantotenowyInne informacje o zawartości produktu:Barwniki:Zawiera, \n\nSmaki / Aromaty:Zawiera"}, {"header": "Wartość odżywcza", "content": "W 100 mlWartość energetyczna19 kcalTłuszcz0 gw tym kwasy tłuszczowe nasycone0 gWęglowodany4.5 gw tym cukry4.5 gBiałko0 gSól0.12 gWitaminy i składniki mineralnew 100  ml% RWS w 100  mlBiotyna4.55 µg50%Kwas foliowy18.18 µg50%Kwas pantotenowy0.55 mg50%Magnez17.05 mg25%Niacyna (B3)1.45 mg50%Witamina B120.23 µg50%Witamina B60.13 mg50%Witamina E1.64 mg75%"}, {"header": "Pozostałe informacje", "content": "Producent:MWS Sp. z o.o.,\nul. Strefowa 13,\n43-100 TychyNazwa wymagana prawnie:Napój izotoniczny o smaku zielonego jabłka z dodatkiem magnezu. Niegazowany, pasteryzowany."}], "images": ["data/images/0356f4cd0d82541407dceb5185c61a96.jpg"], "absolute_path": "Napoje/Niegazowane/Produkt 18"}
{"name": "Produkt 17", "url": "https://zakupy.biedronka.pl/lipton-lipton-ice-tea-peach-napoj-niegazowany-500-ml-0000016912.html", "title": "Lipton Ice Tea Peach Napój niegazowany 500 ml", "brand": "Lipton", "price": "4.79 PLN", "packaging_details": "0.5l- 9,58 zł / l", "description_sections": [{"header": "Opis produktu", "content": "Dziel się słońcem z Lipton Fruity Ice Tea Peach Flavour! Wypij łyk i poczuj przypływ owocowego brzoskwiniowego smaku, niezależnie od pory roku.Lipton Fruity Ice Tea o smaku brzoskwiniowym to niegazowany napój wyprodukowany przy użyciu ekstraktu czarnej herbaty oraz wzbogacony sokami owocowymi. Zapewnia uczucie słodyczy i świeżości. Napój Fruity Ice Tea od Lipton jest idealny do podzielenia się z przyjaciółmi, rodziną lub jako orzeźwiająca przerwa w ciągu dnia.Wypróbuj różne pojemności Lipton Fruity Ice Tea – puszka 0,33L i butelka 0,5L na małe pragnienie czy duża butelka 1,5L na spotkanie z przyjaciółmi. Napój o smaku czarnej herbaty z nutą smakową brzoskwini Lipton Fruity Ice Tea Peach Flavour zawsze będzie doskonałym wyborem, który doda smaku Twojej chwili relaksu!Ciesz się wyjątkowym smakiem i orzeźwieniem, które daje Lipton – napój o smaku czarnej herbaty z brzoskwinią to doskonały wybór na każdą porę dnia. Wybierz tę smaczną opcję, która doda wiele radości do Twojego dnia! Dziel się słońcem i radością z każdym łykiem Lipton Fruity Ice Tea o smaku brzoskwiniowym.Subrand:Ice Tea"}, {"header": "Składniki i alergeny", "content": "Składniki:woda,sok jabłkowy z soku zagęszczonego (20,1 %),cukier,kwasy (kwas cytrynowy, kwas jabłkowy),ekstrakt czarnej herbaty (0,12 %),sok brzoskwiniowy z soku zagęszczonego (0,11 %),regulator kwasowości (cytryniany sodu),aromaty,przeciwutleniacz (kwas askorbinowy),substancja słodząca (glikozydy stewiolowe ze stewii)"}, {"header": "Przechowywanie i sposób przygotowania", "content": "Sposób podania:Najlepiej podawać schłodzony."}, {"header": "Pozostałe informacje", "content": "Nazwa wymagana prawnie:Niegazowany napój owocowo-herbaciany o smaku brzoskwiniowym z ekstraktem czarnej herbaty. Zawiera cukier i substancję słodzącą. Pasteryzowany."}], "images": ["data/images/7664c74cf761c25f81933dad6ca86192.jpg"], "absolute_path": "Napoje/Niegazowane/Produkt 17"}
{"name": "Produkt 15", "url": "https://zakupy.biedronka.pl/vital-fresh-vital-fresh-napoj-green-coctail-o-smaku-kiwi-jablko-ananas-spirulina-750-ml-0000014842.html", "title": "Vital Fresh Napój green coctail o smaku kiwi, jabłko, ananas, spirulina 750 ml", "brand": "Vital Fresh", "price": "7.99 PLN", "packaging_details": "0.75l- 10,65 zł / l", "description_sections": [{"header": "Opis produktu", "content": "Nutriscore:C"}, {"header": "Składniki i alergeny", "content": "Składniki:sok jabłkowy (66 %), sok ananasowy (23%), przecier z kiwi (10 %), sok z limonki (0,5 %), ekstrakt ze spiruliny i krokosza barwierskiego.Inne informacje o zawartości produktu:Zawiera surowce GMO:Nie, \n\nPoziom znakowania Nutriscore:C"}, {"header": "Wartość odżywcza", "content": "W 100 mlWartość energetyczna kcal46 kcalZawartość tłuszczów (ogólnie)0 gKwasy tłuszczowe nasycone0 gZawartość węglowodanów11 gCukry10 gZawartość błonnika0.3 gZawartość białek0.3 gZawartość soli0.01 gWitaminy i składniki mineralnew 100 ml% RWS w 100 mlWitamina C6 mg0%"}, {"header": "Pozostałe informacje", "content": "Producent:AMC Natural DrinksDystrybutor:Jeronimo Martins Polska S.A.Żniwna 5 62-025 KostrzynImporter:Jeronimo Martins Polska S.A.Żniwna 5 62-025 Kostrzyn PLNazwa wymagana prawnie:Napój na bazie soku jabłkowego, soku ananasowego, przecieru z kiwi, soku z limonki, z ekstraktem ze spiruliny i krokosza barwierskiego. Produkt pasteryzowany. Źródło witaminy C."}], "images": ["data/images/5e0d210bb4b1ca68d3782fcabbc8ea02.jpg", "data/images/118c7834790ee1b93bafacfaff6629a0.jpg"], "absolute_path": "Napoje/Niegazowane/Produkt 15"}
{"name": "Produkt 14", "url": "https://zakupy.biedronka.pl/drwitt-drwitt-napoj-izotoniczny-o-smaku-mango-i-cytryny-550-ml-0000020431.html", "title": "DrWitt Napój izotoniczny o smaku mango i cytryny 550 ml", "brand": "DrWitt", "price": "2.99 PLN", "packaging_details": "0.55l- 5,44 zł / l", "description_sections": [{"header": "Opis produktu", "content": "50 %* Magnez (Mg) pomaga w prawidłowym funkcjonowaniu mięśni. 75 %* Niacyna przyczynia się do zmniejszenia uczucia zmęczenia i znużenia. cytrynian magnezu Roztwory węglowodanowo-elektrolitowe zwiększają wchłanianie wody podczas ćwiczeń fizycznych. Magnez pomaga w prawidłowym funkcjonowaniu mięśni. Zrównoważona dieta oraz zdrowy tryb życia mają znaczenie dla zachowania zdrowia. *% referencyjnej wartości spożycia."}, {"header": "Składniki i alergeny", "content": "Składniki:woda,glukoza,cukier,maltodekstryna,regulatory kwasowości: kwas cytrynowy i cytryniany sodu,aromaty,magnez,witaminy: niacyna, B6, kwas foliowy, B12, biotyna i kwas pantotenowyInne informacje o zawartości produktu:Smaki / Aromaty:Zawiera"}, {"header": "Wartość odżywcza", "content": "W 100 mlWartość energetyczna18 kcalTłuszcz0 gw tym kwasy tłuszczowe nasycone0 gWęglowodany4.3 gw tym cukry4.3 gBiałko0 gSól0.12 gWitaminy i składniki mineralnew 100  ml% RWS w 100  mlBiotyna6.82 µg75%Kwas foliowy27.28 µg75%Kwas pantotenowy0.82 mg75%Magnez34.09 mg50%Niacyna (B3)2.18 mg75%Witamina B120.34 µg75%Witamina B60.19 mg75%"}, {"header": "Pozostałe informacje", "content": "Producent:MWS Sp. z o.o.,\nul. Strefowa 13,\n43-100 TychyNazwa wymagana prawnie:Napój izotoniczny o smaku mango i cytryny z dodatkiem witamin i magnezu. Niegazowany, pasteryzowany."}], "images": ["data/images/722bd4b5d11148fbcf075f9b1d7281a4.jpg"], "absolute_path": "Napoje/Niegazowane/Produkt 14"}
{"name": "Produkt 20", "url": "https://zakupy.biedronka.pl/frugo-frugo-napoj-wieloowocowy-niegazowany-ultrablue-500-ml-0000004564.html", "title": "Frugo Napój wieloowocowy niegazowany Ultrablue 500 ml", "brand": "Frugo", "price": "2.79 PLN", "packaging_details": "0.5l- 5,58 zł / l", "description_sections": [{"header": "Składniki i alergeny", "content": "Składniki:woda,sok jabłkowy z zagęszczonego soku jabłkowego (17,7 %),cukier,sok cytrynowy z zagęszczonego soku cytrynowego (2 %),kwas: kwas cytrynowy,soki z zagęszczonych soków owocowych: z czarnej porzeczki (0,1 %), jagodowy (0,1 %), malinowy (0,1 %),aromaty,stabilizatory: guma arabska, estry glicerolu i żywicy roślinnej, pektyny,barwnik: błękit brylantowy FCF,substancja słodząca: sukraloza,Wyprodukowany z zagęszczonych soków (zawartość soków min. 20 %)Inne informacje o zawartości produktu:Substancje słodzące:Zawiera"}, {"header": "Wartość odżywcza", "content": "W 100 mlWartość energetyczna23 kcalTłuszcz0 gw tym kwasy tłuszczowe nasycone0 gWęglowodany5.1 gw tym cukry4.9 gBiałko0 gSól0 g"}, {"header": "Przechowywanie i sposób przygotowania", "content": "Sposób podania:Przed otwarciem wstrząsnąć. Ewentualny osad jest zjawiskiem naturalnym."}, {"header": "Pozostałe informacje", "content": "Kraj pochodzenia:PolskaKraj pochodzenia zależy od konkretnej partii produktu jaka znajduje się w sklepie. Informację o kraju pochodzenia znajdziesz na opakowaniu. Możesz również dodać komentarz z preferowanym typem produktu w koszyku lub wiadomości dla shoppera (np. “prosze o pomidory polskie”).Nazwa wymagana prawnie:Napój wieloowocowy, niegazowany. Pasteryzowany. Zawiera cukier i substancję słodzącą."}], "images": ["data/images/14c5167b597a4e07ea6d88ec4c2d4716.jpg"], "absolute_path": "Napoje/Niegazowane/Produkt 20"}
{"name": "Produkt 21", "url": "https://zakupy.biedronka.pl/lipton-lipton-ice-tea-green-napoj-niegazowany-500-ml-0000016913.html", "title": "Lipton Ice Tea Green Napój niegazowany 500 ml", "brand": "Lipton", "price": "4.79 PLN", "packaging_details": "0.5l- 9,58 zł / l", "description_sections": [{"header": "Opis produktu", "content": "Lipton Fruity Ice Tea Green to niegazowany napój z ekstraktem zielonej herbaty, który zapewnia wspaniałe orzeźwienie każdego dnia oraz doskonały balans smaku i uczucia świeżości. Lipton Fruity Ice Tea Green jest jak bryza podczas upalnego dnia – tylko lepsza! To idealny napój dla Ciebie i Twoich przyjaciół.Nasz pyszny napój Lipton Fruity Ice Tea Green zawiera ekstrakt zielonej herbaty i sok owocowy. To doskonały wybór zarówno, kiedy masz ochotę na popołudniowe orzeźwienie w domu, jak i na przyjemną przerwę w pracy.Napój Fruity Ice Tea Green od Lipton znajdziesz w różnych pojemnościach – 0,33L, 0,5L, 1,5L – co pozwala wybrać odpowiednią ilość na każdą okazję. Niezależnie od tego, czy potrzebujesz małego orzeźwienia w ciągu dnia, czy większej dawki na spotkanie z przyjaciółmi, napój o smaku zielonej herbaty Lipton Fruity Ice Tea Green zawsze będzie doskonałym wyborem.Ciesz się wyjątkowym smakiem i orzeźwieniem! Wybierz napój Fruity Ice Tea Green, idealny na każdą porę dnia. Lipton Fruity Ice Tea – puszka czy duża butelka, obie opcje dodadzą radości do Twojego dnia!Subrand:Ice Tea"}, {"header": "Składniki i alergeny", "content": "Składniki:woda,sok jabłkowy z soku zagęszczonego 20,1 %,cukier,ekstrakt zielonej herbaty⁽¹⁾ 0,12 %,kwasy (kwas cytrynowy, kwas jabłkowy),naturalne aromaty,przeciwutleniacz (kwas askorbinowy),regulator kwasowości (cytryniany sodu),substancja słodząca (glikozydy stewiolowe ze stewii),⁽¹⁾Rainforest Alliance Certified"}, {"header": "Przechowywanie i sposób przygotowania", "content": "Sposób podania:Najlepiej podawać schłodzony."}, {"header": "Pozostałe informacje", "content": "Nazwa wymagana prawnie:Niegazowany napój owocowo-herbaciany z ekstraktem zielonej herbaty. Zawiera cukier i substancję słodzącą. Pasteryzowany."}], "images": ["data/images/3d8844b196ee95c2c599c4e6ca006f02.jpg"], "absolute_path": "Napoje/Niegazowane/Produkt 21"}
{"name": "Produkt 23", "url": "https://zakupy.biedronka.pl/frugo-frugo-ultrablue-napoj-wieloowocowy-niegazowany-500-ml-0000019018.html", "title": "Frugo Ultrablue Napój wieloowocowy niegazowany 500 ml", "brand": "Frugo", "price": "2.79 PLN", "packaging_details": "0.5l- 5,58 zł / l", "description_sections": [{"header": "Składniki i alergeny", "content": "Składniki:woda,sok jabłkowy z zagęszczonego soku jabłkowego (17,7 %),cukier,sok cytrynowy z zagęszczonego soku cytrynowego (2 %),kwas: kwas cytrynowy,soki z zagęszczonych soków owocowych: z czarnej porzeczki (0,1 %), jagodowy (0,1 %), malinowy (0,1 %),aromaty,stabilizatory: guma arabska, estry glicerolu i żywicy roślinnej, pektyny,barwnik: błękit brylantowy FCF,substancja słodząca: sukraloza,Wyprodukowany z zagęszczonych soków (zawartość soków min. 20 %)Inne informacje o zawartości produktu:Substancje słodzące:Zawiera"}, {"header": "Wartość odżywcza", "content": "W 100 mlWartość energetyczna23 kcalTłuszcz0 gw tym kwasy tłuszczowe nasycone0 gWęglowodany5.1 gw tym cukry4.9 gBiałko0 gSól0 g"}, {"header": "Przechowywanie i sposób przygotowania", "content": "Sposób podania:Przed otwarciem wstrząsnąć. Ewentualny osad jest zjawiskiem naturalnym."}, {"header": "Pozostałe informacje", "content": "Kraj pochodzenia:PolskaKraj pochodzenia zależy od konkretnej partii produktu jaka znajduje się w sklepie. Informację o kraju pochodzenia znajdziesz na opakowaniu. Możesz również dodać komentarz z preferowanym typem produktu w koszyku lub wiadomości dla shoppera (np. “prosze o pomidory polskie”).Producent:FoodCare Sp. z o.o.\nul. Spokojna 4, \n32-080 ZabierzówNazwa wymagana prawnie:Napój wieloowocowy, niegazowany. Pasteryzowany. Zawiera cukier i substancję słodzącą."}], "images": ["data/images/14c5167b597a4e07ea6d88ec4c2d4716.jpg"], "absolute_path": "Napoje/Niegazowane/Produkt 23"}
{"name": "Produkt 22", "url": "https://zakupy.biedronka.pl/plusssz-plusssz-suplement-diety-witamina-c-1000-mg-smak-pomarancza-and-brzoskwinia-20-x-4-g-80-g-0000015003.html", "title": "Plusssz Suplement diety witamina C 1000 mg smak pomarańcza & brzoskwinia (20 x 4 g) 80 g", "brand": "Plusssz", "price": "6.99 PLN", "packaging_details": "1opak.- 6,99 zł / opa", "description_sections": [{"header": "Opis produktu", "content": "Bez dodatku cukru. Zawiera naturalnie występujące cukry."}, {"header": "Składniki i alergeny", "content": "Składniki:regulator kwasowości: kwas cytrynowy,kwas L-askorbinowy,regulator kwasowości: węglany sodu,substancja wypełniająca: sorbitole,substancje przeciwzbrylające: poliwinylopirolidon, glikol polietylenowy,aromaty,substancje słodzące: cyklaminiany, sacharyny,barwnik: karoteny,koncentrat soku buraka czerwonego w proszku,sok brzoskwiniowy w proszku - 0,1 %Alergeny:Może zawierać MlekoInne informacje o zawartości produktu:Barwniki:Zawiera, \n\nSmaki / Aromaty:Zawiera, \n\nSubstancje słodzące:Zawiera"}, {"header": "Przechowywanie i sposób przygotowania", "content": "Sposób podania:Sposób przygotowania: rozpuścić jedną tabletkę w szklance (200 ml) chłodnej wody. Zaleca się spożywać 1 tabletkę dziennie. Nie przekraczać zalecanej porcji do spożycia w ciągu dnia. Suplementy diety nie mogą być stosowane jako substytut (zamiennik) zróżnicowanej diety."}, {"header": "Pozostałe informacje", "content": "Producent:\"POLSKI LEK\" Sp. z o.o.\nul. Chopina 10\n34-100 WadowiceNazwa wymagana prawnie:Suplement diety. Tabletki musujące o smaku pomarańcza-brzoskwinia. Zawiera substancje słodzące."}], "images": ["data/images/5fd2cac74bf62d97ac2b497f9b6427c6.jpg"], "absolute_path": "Napoje/Niegazowane/Produkt 22"}
{"name": "Produkt 19", "url": "https://zakupy.biedronka.pl/vital-fresh-vital-fresh-napoj-blue-coctail-o-smaku-guava-jablko-limonka-spirulina-750-ml-0000014843.html", "title": "Vital Fresh Napój blue coctail o smaku guava, jabłko, limonka, spirulina 750 ml", "brand": "Vital Fresh", "price": "7.99 PLN", "packaging_details": "0.75l- 10,65 zł / l", "description_sections": [{"header": "Opis produktu", "content": "Nutriscore:C"}, {"header": "Składniki i alergeny", "content": "Składniki:sok jabłkowy (91 %), przecier z gujawy (6 %), sok z limonki (2,3 %), ekstrakt ze spiruliny.Inne informacje o zawartości produktu:Zawiera surowce GMO:Nie, \n\nPoziom znakowania Nutriscore:C"}, {"header": "Wartość odżywcza", "content": "W 100 mlWartość energetyczna kcal38 kcalZawartość tłuszczów (ogólnie)0 gKwasy tłuszczowe nasycone0 gZawartość węglowodanów9.2 gCukry9.2 gZawartość błonnika0 gZawartość białek0.1 gZawartość soli0.01 gWitaminy i składniki mineralnew 100 ml% RWS w 100 mlWitamina C6 mg0%"}, {"header": "Pozostałe informacje", "content": "Producent:AMC Natural DrinksDystrybutor:Jeronimo Martins Polska S.A.Żniwna 5 62-025 KostrzynImporter:Jeronimo Martins Polska S.A.Żniwna 5 62-025 Kostrzyn PLNazwa wymagana prawnie:Napój na bazie soku jabłkowego, przecieru z gujawy, soku z limonki, z ekstraktem ze spiruliny. Nie z koncentratu. Produkt pasteryzowany. Źródło witaminy C."}], "images": ["data/images/8cde912d90652844a9135bfb4f442eea.jpg", "data/images/01a901e75f46608b44f911a6a950710b.jpg", "data/images/b35d9795ba92f14dd6cbf7ff2be47f25.jpg"], "absolute_path": "Napoje/Niegazowane/Produkt 19"}
{"name": "Produkt 26", "url": "https://zakupy.biedronka.pl/eatyx-eatyx-hyperfood-hyper-collagen-20-000-mg-niegazowany-napoj-o-smaku-mango-marakuja-95-ml-0000023584.html", "title": "Eatyx Hyperfood Hyper Collagen 20 000 mg Niegazowany napój o smaku mango-marakuja 95 ml", "brand": "Eatyx", "price": "9.99 PLN", "packaging_details": "95ml- 0,11 zł / ml", "description_sections": [{"header": "Opis produktu", "content": "Zawiera naturalnie, występujące cukry. Witamina B6, Biotyna.Subrand:Hyperfood"}, {"header": "Składniki i alergeny", "content": "Składniki:woda,kolagen wołowy hydrolizat,sok jabłkowy z zagęszczonego soku jabłkowego (17 %),kwas: kwas cytrynowy,sok cytrynowy z zagęszczonego soku cytrynowego (3 %),aromat,izolat białka serwatki (mleko),substancje konserwujące: benzoesan sodu, sorbinian potasu,substancja słodząca: sukralozą,witaminy: witamina B6 (chlorowodorek pirydoksyny), kwas pantotenowy (D-pantotenian wapnia), niacyna (amid kwasu nikotynowego), biotyna (D-biotyna), witamina C (kwas askorbinowy),barwnik: żółcień pomarańczowa (może mieć szkodliwy wpływ na aktywność i skupienie uwagi u dzieci)Alergeny:Zawiera MlekoInne informacje o zawartości produktu:Barwniki:Zawiera, \n\nSmaki / Aromaty:Zawiera, \n\nkonserwanty:Zawiera, \n\nSubstancje słodzące:Zawiera"}, {"header": "Przechowywanie i sposób przygotowania", "content": "Sposób podania:Przed otwarciem delikatnie wstrząsnąć. Tworzenie się osadów jest zjawiskiem, naturalnym. Nie należy przekraczać zalecanej do spożycia porcji w ciągu dnia. Suplement diety, nie może być stosowany jako substytut zróżnicowanej diety.Pic schłodzony."}, {"header": "Pozostałe informacje", "content": "Nazwa wymagana prawnie:Suplement diety. Niegazowany napój o smaku mango-marakuja z dodatkiem witamin. Pasteryzowany. Zawiera substancję słodzącą."}], "images": ["data/images/d5f1d898879885b8893c7afee710adfa.jpg"], "absolute_path": "Napoje/Niegazowane/Produkt 26"}
{"name": "Produkt 25", "url": "https://zakupy.biedronka.pl/eatyx-eatyx-hyperfood-hyper-protein-niegazowany-napoj-o-smaku-wisnia-jablko-gruszka-95-ml-0000023586.html", "title": "Eatyx Hyperfood Hyper Protein Niegazowany napój o smaku wiśnia-jabłko-gruszka 95 ml", "brand": "Eatyx", "price": "9.99 PLN", "packaging_details": "20g- 0,50 zł / g", "description_sections": [{"header": "Opis produktu", "content": "Zawiera tylko naturalnie występujące cukry.Subrand:Hyperfood"}, {"header": "Składniki i alergeny", "content": "Składniki:woda,hydrolizat kolagenu wołowego,sok jabłkowy z zagęszczonego soku jabłkowego (17 %),kwas: kwas cytrynowy,izolat białka serwatki (mleko),sok cytrynowy z zagęszczonego soku cytrynowego (3 %),aromaty,substancje konserwujące: benzoesan sodu, sorbinian potasu,substancja słodząca: sukraloza,witaminy: witamina B6 (chlorowodorek pirydoksyny), kwas pantothenowy (D-pantothenian wapnia), niacyna (amid kwasu nikotynowego), biotyna (D-biotyna), witamina C (kwas L-askorbinowy),barwnik: czerwień Allura (może mieć szkodliwy wpływ na aktywność i skupienie uwagi u dzieci)Alergeny:Zawiera MlekoInne informacje o zawartości produktu:Barwniki:Zawiera, \n\nSmaki / Aromaty:Zawiera, \n\nkonserwanty:Zawiera, \n\nSubstancje słodzące:Zawiera"}, {"header": "Przechowywanie i sposób przygotowania", "content": "Sposób podania:Przed otwarciem delikatnie wstrząsnąć. Tworzenie się osadów jest zjawiskiem naturalnym. Nie należy przekraczać zalecanej do spożycia porcji w ciągu dnia. Suplement diety nie może być stosowany jako substytut zróżnicowanej diety.Pić schłodzony."}, {"header": "Pozostałe informacje", "content": "Nazwa wymagana prawnie:Suplement diety. Niegazowany napój o smaku wiśnia-jabłko-gruszka z dodatkiem witamin. Pasteryzowany. Zawiera substancję słodzącą."}], "images": ["data/images/d5abf7b59ab94e6e77a7ce08a8a2fd3f.jpg"], "absolute_path": "Napoje/Niegazowane/Produkt 25"}
{"name": "Produkt 28", "url": "https://zakupy.biedronka.pl/plusssz-plusssz-suplement-diety-magnez-forte-complex-smak-pomarancza-and-grejpfrut-20-x-4-g-80-g-0000015004.html", "title": "Plusssz Suplement diety magnez forte complex smak pomarańcza & grejpfrut (20 x 4 g) 80 g", "brand": "Plusssz", "price": "6.99 PLN", "packaging_details": "1opak.- 6,99 zł / opa", "description_sections": [{"header": "Opis produktu", "content": "Bez dodatku cukru. Zawiera naturalnie występujące cukry."}, {"header": "Składniki i alergeny", "content": "Składniki:węglan magnezu,regulator kwasowości: kwas cytrynowy,substancja wypełniająca: sorbitole,regulator kwasowości: węglany sodu,aromaty,chlorowodorek pirydoksyny,substancje przeciwzbrylające: poliwinylopirolidon, glikol polietylenowy,koncentrat soku buraka czerwonego w proszku,barwnik: karoteny,substancje słodzące: cyklaminiany, sacharyny,sok pomarańczowy w proszku - 0,1 %Alergeny:Może zawierać MlekoInne informacje o zawartości produktu:Barwniki:Zawiera, \n\nSmaki / Aromaty:Zawiera, \n\nSubstancje słodzące:Zawiera"}, {"header": "Przechowywanie i sposób przygotowania", "content": "Sposób podania:Sposób przygotowania: rozpuścić jedną tabletkę w szklance (200 ml) chłodnej wody. Zaleca się spożywać 1 tabletkę dziennie. Nie przekraczać zalecanej porcji do spożycia w ciągu dnia. Suplementy diety nie mogą być stosowane jako substytut (zamiennik) zróżnicowanej diety.Zrównoważona dieta i zdrowy tryb życia są istotne dla zachowania zdrowia."}, {"header": "Pozostałe informacje", "content": "Producent:\"POLSKI LEK\" Sp. z o.o.\nul. Chopina 10\n34-100 WadowiceNazwa wymagana prawnie:Suplement diety. Tabletki musujące o smaku pomarańczowo-grejpfrutowym. Zawiera substancje słodzące."}], "images": ["data/images/1350b5f0f1e0a73c09d4e10d7728700b.jpg"], "absolute_path": "Napoje/Niegazowane/Produkt 28"}
{"name": "Produkt 27", "url": "https://zakupy.biedronka.pl/4move-4move-napoj-izotoniczny-niegazowany-o-smaku-truskawka---arbuz-750-ml-0000003734.html", "title": "4Move Napój izotoniczny niegazowany o smaku truskawka - arbuz 750 ml", "brand": "4Move", "price": "3.29 PLN", "packaging_details": "0.75l", "description_sections": [{"header": "Opis produktu", "content": "Pamiętaj o zrównoważonym sposobie żywienia i zdrowym trybie życia. Roztwory węglowodanowo-elektrolitowe pomagają utrzymać wytrzymałość podczas długotrwałych ćwiczeń wytrzymałościowych i zwiększają wchłanianie wody podczas ćwiczeń fizycznych."}, {"header": "Składniki i alergeny", "content": "Składniki:woda,glukoza,kwas: kwas cytrynowy,regulatory kwasowości: cytryniany sodu, cytryniany potasu,aromaty,substancje słodzące: acesulfam K, aspartam,substancje konserwujące: sorbinian potasu, benzoesan sodu,stabilizator: estry glicerolu i żywicy roślinnej,witaminy: niacyna, witamina B6, witamina B12,barwnik: czerwień Allura AC (może mieć szkodliwy wpływ na aktywność i skupienie uwagi u dzieci)Inne informacje o zawartości produktu:Barwniki:Zawiera, \n\nSmaki / Aromaty:Zawiera, \n\nkonserwanty:Zawiera, \n\nSubstancje słodzące:Zawiera"}, {"header": "Wartość odżywcza", "content": "W 100 mlWartość energetyczna17 kcalTłuszcz0 gw tym kwasy tłuszczowe nasycone0 gWęglowodany3.9 gw tym cukry3.9 gBiałko0 gSól0.13 gWitaminy i składniki mineralnew 100  ml% RWS w 100  mlNiacyna (B3)2.4 mg56%Witamina B120.38 µg56%Witamina B60.21 mg56%"}, {"header": "Pozostałe informacje", "content": "Kraj pochodzenia:PolskaKraj pochodzenia zależy od konkretnej partii produktu jaka znajduje się w sklepie. Informację o kraju pochodzenia znajdziesz na opakowaniu. Możesz również dodać komentarz z preferowanym typem produktu w koszyku lub wiadomości dla shoppera (np. “prosze o pomidory polskie”).Nazwa wymagana prawnie:Napój izotoniczny niegazowany o smaku truskawka - arbuz z dodatkiem witamin (niacyna, witamina B6, witamina B12). Pasteryzowany. Zawiera cukier i substancje słodzące."}], "images": ["data/images/1a39d7bebac8dd62c610e4c8d9e76c28.jpg"], "absolute_path": "Napoje/Niegazowane/Produkt 27"}
{"name": "Produkt 24", "url": "https://zakupy.biedronka.pl/oshee-oshee-zero-lemon-750-ml-0000018671.html", "title": "Oshee Zero Lemon 750 ml", "brand": "Oshee", "price": "3.99 PLN", "packaging_details": "0.75l- 5,32 zł / l", "description_sections": [{"header": "Opis produktu", "content": "Podczas intensywnego wysiłku fizycznego organizm traci nie tylko wodę, ale również ważne dla zdrowia witaminy. Napój sportowy oshee, dzięki specjalnie opracowanej formule, nie tylko skutecznie gasi pragnienie, ale również uzupełnia niedobory witamin z grupy b. Za sprawą obniżonej kaloryczności, napój oshee ułatwia utrzymanie prawidłowej wagi. Sięgnij po oshee, a poczujesz się rześki. Oshee zero to - zero cukru. - Zero kompromisu ... By zwyciężać!"}, {"header": "Składniki i alergeny", "content": "Składniki:woda, kwas: kwas cytrynowy, regulatory kwasowości: cytryniany sodu, cytryniany potasu; substancje konserwujące: sorbinian potasu, benzoesan sodu; substancje słodzące: cyklaminiany, sacharyny, acesulfam K, aspartam; L-karnityna (20 mg/100 ml), stabilizatory: guma arabska, estry glicerolu i żywicy roślinnej; aromat, witaminy: niacyna, witamina B6, biotyna; barwnik: żółcień chinolinowa - może mieć szkodliwy wpływ na aktywności i skupienie u dzieci.Inne informacje o zawartości produktu:Zawiera surowce GMO:Nie, \n\nInformacje szczegółowe dotyczące środków słodzących:zawiera źródło fenyloalaniny, zawiera substancję słodzącą, \n\nZawiera substancje konserwujące:Tak"}, {"header": "Wartość odżywcza", "content": "W 100 gWartość energetyczna kcal2 kcalZawartość tłuszczów (ogólnie)0 gKwasy tłuszczowe nasycone0 gZawartość węglowodanów0 gCukry0 gZawartość białek0 gZawartość soli0.11 gWitaminy i składniki mineralnew 100 ml% RWS w 100 mlBiotyna (witamina B7)3.75 μg7.5%Niacyna (witamina B3, PP)1.2 mg7.5%Pirydoksyna (witamina B6)0.11 mg7.5%"}, {"header": "Pozostałe informacje", "content": "Kraj pochodzenia:PolskaKraj pochodzenia zależy od konkretnej partii produktu jaka znajduje się w sklepie. Informację o kraju pochodzenia znajdziesz na opakowaniu. Możesz również dodać komentarz z preferowanym typem produktu w koszyku lub wiadomości dla shoppera (np. “prosze o pomidory polskie”).Producent:OSHEE Polska Sp. z o.o.,\nAl. 3 Maja 9,\n30-062 Kraków,\nPolskaDystrybutor:OSHEE POLSKA SP. Z O.O.ALEJA 3 MAJA 9 30-062 KRAKÓWsekretariat@oshee.euImporter:OSHEE POLSKA SP. Z O.O.ALEJA 3 MAJA 9 30-062 KRAKÓW PLsekretariat@oshee.euNazwa wymagana prawnie:Napój niegazowany o smaku cytrynowym z dodatkiem witamin i L-karnityny. Zawiera substancje słodzące. Zawiera źródło fenyloalaniny."}], "images": ["data/images/07ba073689401f7224a0716a78502218.jpg"], "absolute_path": "Napoje/Niegazowane/Produkt 24"}
{"name": "Produkt 3", "url": "https://zakupy.biedronka.pl/tymbark-tymbark-napoj-jablko-brzoskwinia-175-l-0000001809.html", "title": "Tymbark Napój jabłko brzoskwinia 1,75 l", "brand": "Tymbark", "price": "4.09 PLN", "packaging_details": "1.75l- 2,34 zł / l", "description_sections": [{"header": "Opis produktu", "content": "Napoje Tymbark to nie tylko orzeźwiający smak różnorodnych i zaskakujących kompozycji soczystych owoców, który towarzyszy Polakom od pokoleń, idealnie pasując do posiłków. To także magia haseł znajdujących się pod kapslami i nakrętkami, które zaczarują Twoją rzeczywistość, budząc czystą radość i uśmiech. Potrzebujesz orzeźwienia? Wybierz smak dla siebie i kochaj życie!"}, {"header": "Składniki i alergeny", "content": "Składniki:woda, sok jabłkowy z zagęszczonego soku (19%), cukier, sok brzoskwiniowy z zagęszczonego soku (1%), regulatory kwasowości: kwas cytrynowy i kwas jabłkowy, aromaty, substancja słodząca - sukraloza.Inne informacje o zawartości produktu:Zawiera surowce GMO:Nie, \n\nOsłonka niejadalna:Nie, \n\nInformacje szczegółowe dotyczące środków słodzących:zawiera cukier (cukry) i substancję słodzącą, \n\nZawiera lukrecję:Nie, \n\nZawiera chininę:Nie, \n\nZawiera taurynę:Nie, \n\nZawiera przeciwutleniacze:Nie, \n\nZawiera wzmacniacze smaku:Nie, \n\nZawiera fosforany:Nie, \n\nZawiera siarczyny:Nie, \n\nZawiera barwniki:Nie, \n\nZawiera substancje konserwujące:Nie, \n\nZawiera kofeinę:Nie, \n\nŚrodki spozywcze z dodatkiem fitosteroli, estrów fitosteroli, fitostanoli lub estrów fitostanoli:Nie"}, {"header": "Wartość odżywcza", "content": "W 100 mlWartość energetyczna kcal18 kcalZawartość tłuszczów (ogólnie)0 gKwasy tłuszczowe nasycone0 gZawartość węglowodanów4.6 gCukry4.6 gZawartość białek0 gZawartość soli0 g"}, {"header": "Pozostałe informacje", "content": "Kraj pochodzenia:PolskaKraj pochodzenia zależy od konkretnej partii produktu jaka znajduje się w sklepie. Informację o kraju pochodzenia znajdziesz na opakowaniu. Możesz również dodać komentarz z preferowanym typem produktu w koszyku lub wiadomości dla shoppera (np. “prosze o pomidory polskie”).Producent:MaspexDystrybutor:MWS Sp. z o.o.Strefowa 13 43-100 Tychymaspex@maspex.comImporter:MWS Sp. z o.o.Strefowa 13 43-100 Tychy PLmaspex@maspex.comNazwa wymagana prawnie:Napój owocowy. Niegazowany, pasteryzowany. Zawiera cukier i substancję słodzącą"}], "images": ["data/images/d7b7147cab132ab865a881f66d643eb4.jpg"], "absolute_path": "Napoje/Owocowe/Produkt 3"}
{"name": "Produkt 2", "url": "https://zakupy.biedronka.pl/kubus-kubus-waterrr-napoj-o-smaku-truskawki-700-ml-0000008249.html", "title": "Kubuś Waterrr Napój o smaku truskawki 700 ml", "brand": "Kubuś", "price": "3.99 PLN", "packaging_details": "0.7l- 5,70 zł / l", "description_sections": [{"header": "Opis produktu", "content": "Kubuś Waterrr - orzeźwiający, bo na bazie krystalicznie czystej wody. Smaczny, bo z dodatkiem soku z owoców. A co najważniejsze, BEZ KONSERWANTÓW, BEZ BARWNIKÓW, BEZ SYROPU GLUKOZOWO-FRUKTOZOWEGO!"}, {"header": "Składniki i alergeny", "content": "Składniki:woda, soki z zagęszczonych soków z: jabłek (30%), truskawek (0,1%) i cytryn, aromatyInne informacje o zawartości produktu:Zawiera surowce GMO:Nie, \n\nOsłonka niejadalna:Nie, \n\nInformacje szczegółowe dotyczące środków słodzących:Nie, \n\nZawiera lukrecję:Nie, \n\nZawiera chininę:Nie, \n\nZawiera taurynę:Nie, \n\nZawiera przeciwutleniacze:Nie, \n\nZawiera wzmacniacze smaku:Nie, \n\nZawiera fosforany:Nie, \n\nZawiera siarczyny:Nie, \n\nZawiera barwniki:Nie, \n\nZawiera substancje konserwujące:Nie, \n\nZawiera kofeinę:Nie, \n\nŚrodki spozywcze z dodatkiem fitosteroli, estrów fitosteroli, fitostanoli lub estrów fitostanoli:Nie"}, {"header": "Wartość odżywcza", "content": "W 100 mlWartość energetyczna kcal13 kcalZawartość tłuszczów (ogólnie)0 gKwasy tłuszczowe nasycone0 gZawartość węglowodanów3 gCukry3 gZawartość białek0 gZawartość soli0 g"}, {"header": "Pozostałe informacje", "content": "Kraj pochodzenia:PolskaKraj pochodzenia zależy od konkretnej partii produktu jaka znajduje się w sklepie. Informację o kraju pochodzenia znajdziesz na opakowaniu. Możesz również dodać komentarz z preferowanym typem produktu w koszyku lub wiadomości dla shoppera (np. “prosze o pomidory polskie”).Producent:MaspexDystrybutor:MWS Sp. z o.o. Sp. k.Strefowa 13 43-100 Tychymaspex@maspex.comImporter:MWS Sp. z o.o.Strefowa 13 43-100 Tychy PLmaspex@maspex.comNazwa wymagana prawnie:Napój owocowy o smaku truskawki. Pasteryzowany. Niegazowany"}], "images": ["data/images/a9e425325f80e8c6037ef074d2ae9dfd.jpg"], "absolute_path": "Napoje/Owocowe/Produkt 2"}
{"name": "Produkt 1", "url": "https://zakupy.biedronka.pl/tymbark-tymbark-napoj-jablko-mieta-175-l-0000001808.html", "title": "Tymbark Napój jabłko mięta 1,75 l", "brand": "Tymbark", "price": "4.09 PLN", "packaging_details": "1.75l- 2,34 zł / l", "description_sections": [{"header": "Opis produktu", "content": "Do tego napoju z pewnością poczujesz miętę! Gdy w upalny dzień dopadnie Cię pragnienie, odkapsluj Tymbark i odśwież zmysły! Nic nie orzeźwia lepiej niż soczyste jabłka połączone ze świeżą miętą. To oryginalne połączenie od Tymbarku ochłodzi każdego!"}, {"header": "Składniki i alergeny", "content": "Składniki:woda, sok jabłkowy z zagęszczonego soku (20%), cukier, regulatory kwasowości: kwas cytrynowy i kwas jabłkowy, ekstrakt z mięty, aromat, substancja słodząca – sukraloza.Inne informacje o zawartości produktu:Zawiera surowce GMO:Nie, \n\nOsłonka niejadalna:Nie, \n\nInformacje szczegółowe dotyczące środków słodzących:zawiera cukier (cukry) i substancję słodzącą, \n\nZawiera lukrecję:Nie, \n\nZawiera chininę:Nie, \n\nZawiera taurynę:Nie, \n\nZawiera przeciwutleniacze:Nie, \n\nZawiera wzmacniacze smaku:Nie, \n\nZawiera fosforany:Nie, \n\nZawiera siarczyny:Nie, \n\nZawiera barwniki:Nie, \n\nZawiera substancje konserwujące:Nie, \n\nZawiera kofeinę:Nie, \n\nŚrodki spozywcze z dodatkiem fitosteroli, estrów fitosteroli, fitostanoli lub estrów fitostanoli:Nie"}, {"header": "Wartość odżywcza", "content": "W 100 mlWartość energetyczna kcal19 kcalZawartość tłuszczów (ogólnie)0 gKwasy tłuszczowe nasycone0 gZawartość węglowodanów4.5 gCukry4.5 gZawartość białek0 gZawartość soli0 g"}, {"header": "Pozostałe informacje", "content": "Kraj pochodzenia:PolskaKraj pochodzenia zależy od konkretnej partii produktu jaka znajduje się w sklepie. Informację o kraju pochodzenia znajdziesz na opakowaniu. Możesz również dodać komentarz z preferowanym typem produktu w koszyku lub wiadomości dla shoppera (np. “prosze o pomidory polskie”).Producent:MaspexDystrybutor:MWS Sp. z o.o.Strefowa 13 43-100 Tychymaspex@maspex.comImporter:MWS Sp. z o.o.Strefowa 13 43-100 Tychy PLmaspex@maspex.comNazwa wymagana prawnie:Napój owocowy. Niegazowany, pasteryzowany. Zawiera cukier i substancję słodzącą"}], "images": ["data/images/61c0777206f42609dc1f14c9a691af6f.jpg"], "absolute_path": "Napoje/Owocowe/Produkt 1"}
{"name": "Produkt 5", "url": "https://zakupy.biedronka.pl/drwitt-drwitt-izotoniczny-napoj-owocowy-o-smaku-wieloowocowym-750-ml-0001153836.html", "title": "DrWitt Izotoniczny napój owocowy o smaku wieloowocowym 750 ml", "brand": "DrWitt", "price": "3.49 PLN", "packaging_details": "0.75l- 4,65 zł / l", "description_sections": [{"header": "Opis produktu", "content": "Witaminy B6, B12 oraz magnez przyczyniają się do zmniejszenia uczucia zmęczenia i znużenia. Roztwory węglowodanowo -elektrolitowe zwiększają wchłanianie wody podczas ćwiczeń fizycznych."}, {"header": "Składniki i alergeny", "content": "Składniki:woda, sok jabłkowy z zagęszczonego soku (20 %), glukoza, regulatory kwasowości: kwas cytrynowy i cytryniany sodu; stabilizatory: guma arabska, estry glicerolu i żywicy roślinnej; aromaty, substancje słodzące: sukraloza, acesulfam K; witaminy: niacyna, B6, kwas foliowy, B12, biotyna i kwas pantotenowy; barwnik: błękit brylantowy FCF."}, {"header": "Pozostałe informacje", "content": "Kraj pochodzenia:PolskaKraj pochodzenia zależy od konkretnej partii produktu jaka znajduje się w sklepie. Informację o kraju pochodzenia znajdziesz na opakowaniu. Możesz również dodać komentarz z preferowanym typem produktu w koszyku lub wiadomości dla shoppera (np. “prosze o pomidory polskie”).Dystrybutor:Jeronimo Martins Polska S.A.Żniwna 5 62-025 Kostrzyn PLImporter:Jeronimo Martins Polska S.A.Żniwna 5 62-025 Kostrzyn PLNazwa wymagana prawnie:Izotoniczny napój owocowy o smaku wieloowocowym z dodatkiem witamin. Niegazowany, pasteryzowany. Zawiera cukier i substancję słodzącą."}], "images": ["data/images/03957e508e71352d3b510752e0e230fe.jpg"], "absolute_path": "Napoje/Owocowe/Produkt 5"}
{"name": "Produkt 4", "url": "https://zakupy.biedronka.pl/capri-sun-capri-sun-napoj-multivitamin-200-ml-0000019119.html", "title": "Capri-Sun Napój Multivitamin 200 ml", "brand": "Capri-Sun", "price": "16.9 PLN", "packaging_details": "2l- 8,45 zł / l", "description_sections": [{"header": "Opis produktu", "content": "Dlaczego wybrać jeden, jeśli możesz mieć je wszystkie? Capri-Sun Multivitamin łączy smak ananasa, marakui, banana, kiwi, grejpfruta i pomarańczy w jeden pyszny, odżywczy napój. Pyszne!"}, {"header": "Składniki i alergeny", "content": "Składniki:woda, sok jabłkowy z koncentratu (12,5%), sok pomarańczowy z koncentratu (5,0%), cukier, sok cytrynowy z koncentratu (1,0%), sok z kiwi z koncentratu (0,5%), sok bananowy z koncentratu (0,5%), sok ananasowy z koncentratu (0,5%), kwasek cytrynowy E 330, sok z marakui z koncentratu (0,1%), mieszanka witamin: witamina C, niacyna, witamina E , witamina B6, witamina B1, biotyna; substancja słodząca glikozydy stewiolowe ze stewii E 960a, naturalny aromat, przeciwutleniacz kwas askorbinowy E 300Inne informacje o zawartości produktu:Zawiera surowce GMO:Nie, \n\nZawiera lukrecję:Nie, \n\nZawiera chininę:Nie, \n\nZawiera taurynę:Nie, \n\nZawiera przeciwutleniacze:Tak, \n\nZawiera wzmacniacze smaku:Nie, \n\nZawiera fosforany:Nie, \n\nZawiera siarczyny:Nie, \n\nZawiera barwniki:Nie, \n\nZawiera aromaty:Nie, \n\nZawiera antybiotyki:Nie, \n\nZawiera substancje konserwujące:Nie, \n\nZawiera tłuszcze utwardzone (trans):Nie, \n\nZawiera olej palmowy:Nie, \n\nZawiera kofeinę:Nie"}, {"header": "Wartość odżywcza", "content": "W 100 mlWartość energetyczna kcal22 kcalZawartość tłuszczów (ogólnie)0 gKwasy tłuszczowe nasycone0 gZawartość węglowodanów5 gCukry4.9 gZawartość błonnika0 gZawartość białek0 gZawartość soli0 gWitaminy i składniki mineralnew 100 ml% RWS w 100 mlBiotyna (witamina B7)7.5 μg15%Niacyna (witamina B3, PP)2.4 mg15%Pirydoksyna (witamina B6)0.21 mg15%Tiamina (witamina B1)0.17 mg15%Witamina C12 mg15%Witamina E1.8 mg15%"}, {"header": "Pozostałe informacje", "content": "Kraj pochodzenia:NiemcyKraj pochodzenia zależy od konkretnej partii produktu jaka znajduje się w sklepie. Informację o kraju pochodzenia znajdziesz na opakowaniu. Możesz również dodać komentarz z preferowanym typem produktu w koszyku lub wiadomości dla shoppera (np. “prosze o pomidory polskie”).Producent:Capri Sun GmbH,\nRudolf-Wild-Str. 86-98,\nD-69214 Eppelheim\\Heidelberg,\nNiemcyDystrybutor:Capri Sun Distribution Sp. Z O. O.Postępu 15 02-676 WarszawaPawel.Astasiewicz@Capri-sun.comNazwa wymagana prawnie:Napój wieloowocowy zawierający min. 20,1% soku, pasteryzowany"}], "images": ["data/images/6364e87adf5620a37ae59da2498a693e.jpg", "data/images/f0d784317542150ca1652ce65073ba66.jpg"], "absolute_path": "Napoje/Owocowe/Produkt 4"}
{"name": "Produkt 9", "url": "https://zakupy.biedronka.pl/tymbark-tymbark-napoj-jablko-wisnia-175-l-0000001806.html", "title": "Tymbark Napój jabłko wiśnia 1,75 l", "brand": "Tymbark", "price": "4.09 PLN", "packaging_details": "1.75l- 2,34 zł / l", "description_sections": [{"header": "Opis produktu", "content": "Napoje Tymbark to nie tylko orzeźwiający smak różnorodnych i zaskakujących kompozycji soczystych owoców, który towarzyszy Polakom od pokoleń, idealnie pasując do posiłków. To także magia haseł znajdujących się pod kapslami i nakrętkami, które zaczarują Twoją rzeczywistość, budząc czystą radość i uśmiech. Potrzebujesz orzeźwienia? Wybierz smak dla siebie i kochaj życie!"}, {"header": "Składniki i alergeny", "content": "Składniki:woda, soki z zagęszczonych soków z: jabłek (14%) i wiśni (6%), cukier, koncentrat z czarnych porzeczek i aronii, regulatory kwasowości: kwas cytrynowy i kwas jabłkowy, aromaty, substancja słodząca - sukralozaInne informacje o zawartości produktu:Zawiera surowce GMO:Nie, \n\nOsłonka niejadalna:Nie, \n\nInformacje szczegółowe dotyczące środków słodzących:zawiera cukier (cukry) i substancję słodzącą, \n\nZawiera lukrecję:Nie, \n\nZawiera chininę:Nie, \n\nZawiera taurynę:Nie, \n\nZawiera przeciwutleniacze:Nie, \n\nZawiera wzmacniacze smaku:Nie, \n\nZawiera fosforany:Nie, \n\nZawiera siarczyny:Nie, \n\nZawiera barwniki:Nie, \n\nZawiera substancje konserwujące:Nie, \n\nZawiera kofeinę:Nie, \n\nŚrodki spozywcze z dodatkiem fitosteroli, estrów fitosteroli, fitostanoli lub estrów fitostanoli:Nie"}, {"header": "Wartość odżywcza", "content": "W 100 mlWartość energetyczna kcal19 kcalZawartość tłuszczów (ogólnie)0 gKwasy tłuszczowe nasycone0 gZawartość węglowodanów4.5 gCukry4.5 gZawartość białek0 gZawartość soli0 g"}, {"header": "Pozostałe informacje", "content": "Kraj pochodzenia:PolskaKraj pochodzenia zależy od konkretnej partii produktu jaka znajduje się w sklepie. Informację o kraju pochodzenia znajdziesz na opakowaniu. Możesz również dodać komentarz z preferowanym typem produktu w koszyku lub wiadomości dla shoppera (np. “prosze o pomidory polskie”).Producent:MaspexDystrybutor:MWS Sp. z o.o.Strefowa 13 43-100 Tychymaspex@maspex.comImporter:MWS Sp. z o.o.Strefowa 13 43-100 Tychy PLmaspex@maspex.comNazwa wymagana prawnie:Napój owocowy. Niegazowany, pasteryzowany. Zawiera cukier i substancję słodzącą"}], "images": ["data/images/62efb25859a111eb6d073e4a3bca35af.jpg"], "absolute_path": "Napoje/Owocowe/Produkt 9"}
{"name": "Produkt 8", "url": "https://zakupy.biedronka.pl/kubus-kubus-waterrr-napoj-o-smaku-cytryny-700-ml-0000008248.html", "title": "Kubuś Waterrr Napój o smaku cytryny 700 ml", "brand": "Kubuś", "price": "3.99 PLN", "packaging_details": "0.7l- 5,70 zł / l", "description_sections": [{"header": "Opis produktu", "content": "Kubuś Waterrr - orzeźwiający, bo na bazie krystalicznie czystej wody. Smaczny, bo z dodatkiem soku z owoców. A co najważniejsze, BEZ KONSERWANTÓW, BEZ BARWNIKÓW, BEZ SYROPU GLUKOZOWO-FRUKTOZOWEGO!"}, {"header": "Składniki i alergeny", "content": "Składniki:woda, soki z zagęszczonych soków z: jabłek (30%) i cytryn (0,1%), aromatyInne informacje o zawartości produktu:Zawiera surowce GMO:Nie, \n\nOsłonka niejadalna:Nie, \n\nInformacje szczegółowe dotyczące środków słodzących:Nie, \n\nZawiera lukrecję:Nie, \n\nZawiera chininę:Nie, \n\nZawiera taurynę:Nie, \n\nZawiera przeciwutleniacze:Nie, \n\nZawiera wzmacniacze smaku:Nie, \n\nZawiera fosforany:Nie, \n\nZawiera siarczyny:Nie, \n\nZawiera barwniki:Nie, \n\nZawiera substancje konserwujące:Nie, \n\nZawiera kofeinę:Nie, \n\nŚrodki spozywcze z dodatkiem fitosteroli, estrów fitosteroli, fitostanoli lub estrów fitostanoli:Nie"}, {"header": "Wartość odżywcza", "content": "W 100 mlWartość energetyczna kcal13 kcalZawartość tłuszczów (ogólnie)0 gKwasy tłuszczowe nasycone0 gZawartość węglowodanów3 gCukry3 gZawartość białek0 gZawartość soli0 g"}, {"header": "Pozostałe informacje", "content": "Kraj pochodzenia:PolskaKraj pochodzenia zależy od konkretnej partii produktu jaka znajduje się w sklepie. Informację o kraju pochodzenia znajdziesz na opakowaniu. Możesz również dodać komentarz z preferowanym typem produktu w koszyku lub wiadomości dla shoppera (np. “prosze o pomidory polskie”).Producent:MaspexDystrybutor:MWS Sp. z o.o.Strefowa 13 43-100 Tychymaspex@maspex.comImporter:MWS Sp. z o.o.Strefowa 13 43-100 Tychy PLmaspex@maspex.comNazwa wymagana prawnie:Napój owocowy o smaku cytryny. Niegazowany. Klarowany, filtrowany, pasteryzowany"}], "images": ["data/images/34422ecda66eafa071f4838db5096ef5.jpg"], "absolute_path": "Napoje/Owocowe/Produkt 8"}
{"name": "Produkt 10", "url": "https://zakupy.biedronka.pl/nestea-nestea-joy-napoj-owocowo-herbaciany-o-smaku-brzoskwiniowym-15-l-0000009458.html", "title": "Nestea Joy Napój owocowo-herbaciany o smaku brzoskwiniowym 1,5 l", "brand": "Nestea", "price": "4.99 PLN", "packaging_details": "1.5l- 3,33 zł / l", "description_sections": [{"header": "Składniki i alergeny", "content": "Składniki:woda,sok jabłkowy z zagęszczonego soku (19,5 %),cukier,sok brzoskwiniowy z zagęszczonego soku (0,5 %),fruktoza,regulatory kwasowości: kwas cytrynowy i cytryniany sodu,ekstrakt herbaty czarnej (0,08 %),naturalne aromaty brzoskwiniowe z innymi naturalnymi aromatami,substancja słodząca - glikozydy stewiolowe ze stewiiInne informacje o zawartości produktu:Zawiera surowce GMO:Nie, \n\nInformacje szczegółowe dotyczące środków słodzących:zawiera cukier (cukry) i substancję słodzącą, \n\nZawiera lukrecję:Nie, \n\nZawiera chininę:Nie, \n\nZawiera taurynę:Nie, \n\nZawiera przeciwutleniacze:Nie, \n\nZawiera wzmacniacze smaku:Nie, \n\nZawiera fosforany:Nie, \n\nZawiera siarczyny:Nie, \n\nZawiera barwniki:Nie, \n\nZawiera substancje konserwujące:Nie, \n\nZawiera kofeinę:Nie, \n\nŚrodki spozywcze z dodatkiem fitosteroli, estrów fitosteroli, fitostanoli lub estrów fitostanoli:Nie"}, {"header": "Wartość odżywcza", "content": "W 100 mlWartość energetyczna kcal17 kcalZawartość tłuszczów (ogólnie)0.5 gKwasy tłuszczowe nasycone0.1 gZawartość węglowodanów4.1 gCukry4.1 gZawartość białek0.5 gZawartość soli0.03 g"}, {"header": "Pozostałe informacje", "content": "Kraj pochodzenia:PolskaKraj pochodzenia zależy od konkretnej partii produktu jaka znajduje się w sklepie. Informację o kraju pochodzenia znajdziesz na opakowaniu. Możesz również dodać komentarz z preferowanym typem produktu w koszyku lub wiadomości dla shoppera (np. “prosze o pomidory polskie”).Producent:MWS Sp. z o.o.,\nul. Strefowa 13,\n43-100 Tychy\nwww.nestea.plDystrybutor:MWS Sp. z o.o.Strefowa 13 43-100 Tychymaspex@maspex.comNazwa wymagana prawnie:Napój owocowo-herbaciany o smaku brzoskwiniowym. Niegazowany, pasteryzowany. Zawiera cukry i substancję słodzącą."}], "images": ["data/images/fa191fa27721d8a60d54c1992786267d.jpg"], "absolute_path": "Napoje/Owocowe/Produkt 10"}
{"name": "Produkt 7", "url": "https://zakupy.biedronka.pl/kubus-play-kubus-play%21-napoj-owocowy-woda-i-owoce-jablko-malina-400-ml-0000007066.html", "title": "Kubuś Play! Napój owocowy woda i owoce jabłko malina 400 ml", "brand": "Kubuś Play", "price": "2.99 PLN", "packaging_details": "0.4l- 7,48 zł / l", "description_sections": [{"header": "Opis produktu", "content": "Napój owocowy na bazie wody i owocówBez dodatku cukru"}, {"header": "Składniki i alergeny", "content": "Składniki:sok jabłkowy z zagęszczonego soku (50%), woda, sok malinowy z zagęszczonego soku (2%), aromaty, witamina EInne informacje o zawartości produktu:Zawiera surowce GMO:Nie, \n\nOsłonka niejadalna:Nie, \n\nInformacje szczegółowe dotyczące środków słodzących:Nie, \n\nZawiera lukrecję:Nie, \n\nZawiera chininę:Nie, \n\nZawiera taurynę:Nie, \n\nZawiera przeciwutleniacze:Nie, \n\nZawiera wzmacniacze smaku:Nie, \n\nZawiera fosforany:Nie, \n\nZawiera barwniki:Nie, \n\nZawiera substancje konserwujące:Nie, \n\nZawiera kofeinę:Nie, \n\nŚrodki spozywcze z dodatkiem fitosteroli, estrów fitosteroli, fitostanoli lub estrów fitostanoli:Nie"}, {"header": "Wartość odżywcza", "content": "W 100 mlWartość energetyczna kcal22 kcalZawartość tłuszczów (ogólnie)0.5 gKwasy tłuszczowe nasycone0.1 gZawartość węglowodanów5.4 gCukry5.4 gZawartość białek0.5 gZawartość soli0 gWitaminy i składniki mineralnew 100 ml% RWS w 100 mlWitamina E0.9 mg0%Witamina E (%RWS)7.5 %RWS0%"}, {"header": "Pozostałe informacje", "content": "Kraj pochodzenia:PolskaKraj pochodzenia zależy od konkretnej partii produktu jaka znajduje się w sklepie. Informację o kraju pochodzenia znajdziesz na opakowaniu. Możesz również dodać komentarz z preferowanym typem produktu w koszyku lub wiadomości dla shoppera (np. “prosze o pomidory polskie”).Producent:MWS Sp. z o.o.,\nul. Strefowa 13\n43-100 TychyDystrybutor:MWS Sp. z o.o.Strefowa 13 43-100 Tychymaspex@maspex.comNazwa wymagana prawnie:Napój owocowy o smaku maliny z doatkiem witaminy E. Niegazowany, psteryzowany. Bez dodatku cukrów. Zawiera naturalnie  występujące cukry. Źródło witaminy E."}], "images": ["data/images/205fe06b24916fc63542bc3a24a45415.jpg", "data/images/5f0ab73c8332cb8805e54a265eefd944.jpg"], "absolute_path": "Napoje/Owocowe/Produkt 7"}
{"name": "Produkt 6", "url": "https://zakupy.biedronka.pl/drwitt-drwitt-napoj-izotoniczny-o-smaku-liczi-i-gruszki-550-ml-0001151386.html", "title": "DrWitt Napój izotoniczny o smaku liczi i gruszki 550 ml", "brand": "DrWitt", "price": "2.99 PLN", "packaging_details": "0.55l- 5,44 zł / l", "description_sections": [{"header": "Opis produktu", "content": "75 %* Cynk (Zn) pomaga zachować zdrowe włosy, skórę i paznokcie. 25 %* Magnez (Mg) pomaga w prawidłowym funkcjonowaniu mięśni. cytrynian magnezu Roztwory węglowodanowo-elektrolitowe zwiększają wchłanianie wody podczas ćwiczeń fizycznych. Cynk pomaga w utrzymaniu prawidłowej równowagi kwasowo-zasadowej. Cynk pomaga zachować zdrowe włosy, skórę i paznokcie. Zrównoważona dieta oraz zdrowy tryb życia mają znaczenie dla zachowania zdrowia. *% referencyjnej wartości spożycia"}, {"header": "Składniki i alergeny", "content": "Składniki:woda,glukoza,cukier,maltodekstryna,regulatory kwasowości: kwas cytrynowy i cytryniany sodu,stabilizatory: gumą arabska oraz estry glicerolu i żywicy roślinnej,aromaty,magnez,cynk,witaminy: niacyna, B6, kwas foliowy, B12, biotyna i kwas pantotenowyInne informacje o zawartości produktu:Smaki / Aromaty:Zawiera"}, {"header": "Wartość odżywcza", "content": "W 100 mlWartość energetyczna19 kcalTłuszcz0 gw tym kwasy tłuszczowe nasycone0 gWęglowodany4.6 gw tym cukry4.6 gBiałko0 gSól0.12 gWitaminy i składniki mineralnew 100  ml% RWS w 100  mlBiotyna4.55 µg50%Cynk1.36 mg75%Kwas foliowy18.18 µg50%Kwas pantotenowy0.55 mg50%Magnez17.05 mg25%Niacyna (B3)1.45 mg50%Witamina B120.23 µg50%Witamina B60.13 mg50%"}, {"header": "Pozostałe informacje", "content": "Producent:MWS Sp. z o.o.,\nul. Strefowa 13,\n43-100 TychyDystrybutor:Jeronimo Martins Polska S.A.Żniwna 5 62-025 Kostrzyn PLImporter:Jeronimo Martins Polska S.A.Żniwna 5 62-025 Kostrzyn PLNazwa wymagana prawnie:Napój izotoniczny o smaku liczi i gruszki z dodatkiem witamin i minerałów. Niegazowany, pasteryzowany."}], "images": ["data/images/12d456357e5854afe2b94f57a1190a17.jpg"], "absolute_path": "Napoje/Owocowe/Produkt 6"}
{"name": "Produkt 15", "url": "https://zakupy.biedronka.pl/frugo-frugo-ultragreen-napoj-wieloowocowy-niegazowany-500-ml-0000004567.html", "title": "Frugo Ultragreen Napój wieloowocowy niegazowany 500 ml", "brand": "Frugo", "price": "2.79 PLN", "packaging_details": "0.5l- 5,58 zł / l", "description_sections": [{"header": "Składniki i alergeny", "content": "Składniki:woda,sok jabłkowy z zagęszczonego soku jabłkowego (14,5 %),sok cytrynowy z zagęszczonego soku cytrynowego (4,1 %),cukier,sok z zagęszczonych soków owocowych: z kiwi (1,3 %), z passiflory (1,1 %),przecier z lulo (0,1 %),przeciwutleniacz: kwas askorbinowy,stabilizatory: pektyny, mączka chleba świętojańskiego,barwnik: kompleksy miedziowe chlorofili i chlorofilin,aromaty,kwas: kwas cytrynowy,ekstrakt z liści mate (0,02 %),substancja słodząca: sukralozaInne informacje o zawartości produktu:Substancje słodzące:Zawiera"}, {"header": "Wartość odżywcza", "content": "W 100 mlWartość energetyczna21 kcalTłuszcz0 gw tym kwasy tłuszczowe nasycone0 gWęglowodany4.9 gw tym cukry4.9 gBiałko0 gSól0 g"}, {"header": "Przechowywanie i sposób przygotowania", "content": "Sposób podania:Przed otwarciem wstrząsnąć. Ewentualny osad jest zjawiskiem naturalnym."}, {"header": "Pozostałe informacje", "content": "Kraj pochodzenia:PolskaKraj pochodzenia zależy od konkretnej partii produktu jaka znajduje się w sklepie. Informację o kraju pochodzenia znajdziesz na opakowaniu. Możesz również dodać komentarz z preferowanym typem produktu w koszyku lub wiadomości dla shoppera (np. “prosze o pomidory polskie”).Producent:FoodCare Sp. z o.o.\nul. Spokojna 4,\n32-080 ZabierzówNazwa wymagana prawnie:Napój wieloowocowy, niegazowany. Pasteryzowany. Zawiera cukier i substancję słodzącą."}], "images": ["data/images/d4ba2830965cabe482468895faa95d58.jpg"], "absolute_path": "Napoje/Owocowe/Produkt 15"}
{"name": "Produkt 14", "url": "https://zakupy.biedronka.pl/frugo-frugo-ultraorange-napoj-wieloowocowy-niegazowany-500-ml-0000004565.html", "title": "Frugo Ultraorange Napój wieloowocowy niegazowany 500 ml", "brand": "Frugo", "price": "2.79 PLN", "packaging_details": "0.5l- 5,58 zł / l", "description_sections": [{"header": "Składniki i alergeny", "content": "Składniki:woda,sok jabłkowy z zagęszczonego soku jabłkowego (11,9 %),soki z zagęszczonych soków owocowych: cytrynowy (4,9 %), pomarańczowy (4 %),cukier,stabilizator: pektyny,przeciwutleniacz: kwas askorbinowy,aromaty,sok z passiflory z zagęszczonego soku (0,1 %),barwnik: karoteny,substancja słodząca: sukraloza,Wyprodukowany z zagęszczonych soków owocowych (zawartość soków min. 20 %)Inne informacje o zawartości produktu:Substancje słodzące:Zawiera"}, {"header": "Wartość odżywcza", "content": "W 100 mlWartość energetyczna20 kcalTłuszcz0 gw tym kwasy tłuszczowe nasycone0 gWęglowodany4.6 gw tym cukry4.6 gBiałko0 gSól0 g"}, {"header": "Przechowywanie i sposób przygotowania", "content": "Sposób podania:Przed otwarciem wstrząsnąć. Ewentualny osad jest zjawiskiem naturalnym."}, {"header": "Pozostałe informacje", "content": "Kraj pochodzenia:PolskaKraj pochodzenia zależy od konkretnej partii produktu jaka znajduje się w sklepie. Informację o kraju pochodzenia znajdziesz na opakowaniu. Możesz również dodać komentarz z preferowanym typem produktu w koszyku lub wiadomości dla shoppera (np. “prosze o pomidory polskie”).Producent:FoodCare Sp. z o.o.\nul. Spokojna 4,\n32-080 ZabierzówNazwa wymagana prawnie:Napój wieloowocowy, niegazowany. Pasteryzowany. Zawiera cukier i substancję słodzącą."}], "images": ["data/images/31dc7b159c9a2439b6c6f03949d24602.jpg"], "absolute_path": "Napoje/Owocowe/Produkt 14"}
{"name": "Produkt 11", "url": "https://zakupy.biedronka.pl/tymbark-tymbark-lemoniada-cytryna-limonka-15-l-0000007821.html", "title": "Tymbark Lemoniada cytryna-limonka 1,5 l", "brand": "Tymbark", "price": "4.99 PLN", "packaging_details": "1.5l- 3,33 zł / l", "description_sections": [{"header": "Opis produktu", "content": "Tymbark lemoniada 1,5 l"}, {"header": "Składniki i alergeny", "content": "Składniki:woda, soki z zagęszczonych soków z: jabłek (11,5 %) i cytryn (8 %), cukier, sok z limonek z zagęszczonego soku (0,5 %), witamina C, aromaty, substancja słodząca - sukraloza.Inne informacje o zawartości produktu:Zawiera surowce GMO:Nie, \n\nOsłonka niejadalna:Nie, \n\nInformacje szczegółowe dotyczące środków słodzących:zawiera cukier (cukry) i substancję słodzącą, \n\nZawiera lukrecję:Nie, \n\nZawiera chininę:Nie, \n\nZawiera taurynę:Nie, \n\nZawiera przeciwutleniacze:Nie, \n\nZawiera wzmacniacze smaku:Nie, \n\nZawiera fosforany:Nie, \n\nZawiera siarczyny:Nie, \n\nZawiera barwniki:Nie, \n\nZawiera aromaty:Nie, \n\nZawiera antybiotyki:Nie, \n\nZawiera substancje konserwujące:Nie, \n\nZawiera tłuszcze utwardzone (trans):Nie, \n\nZawiera olej palmowy:Nie, \n\nZawiera kofeinę:Nie, \n\nŚrodki spozywcze z dodatkiem fitosteroli, estrów fitosteroli, fitostanoli lub estrów fitostanoli:Nie"}, {"header": "Wartość odżywcza", "content": "W 100 mlWartość energetyczna kcal20 kcalZawartość tłuszczów (ogólnie)0 gKwasy tłuszczowe nasycone0 gZawartość węglowodanów4.9 gCukry4.9 gZawartość białek0 gZawartość soli0 gWitaminy i składniki mineralnew 100 ml% RWS w 100 mlWitamina C12 mg0%Witamina C (%RWS)15 %RWS0%"}, {"header": "Przechowywanie i sposób przygotowania", "content": "Sposób przygotowania:Wstrząśnij przed otwarciem"}, {"header": "Pozostałe informacje", "content": "Kraj pochodzenia:PolskaKraj pochodzenia zależy od konkretnej partii produktu jaka znajduje się w sklepie. Informację o kraju pochodzenia znajdziesz na opakowaniu. Możesz również dodać komentarz z preferowanym typem produktu w koszyku lub wiadomości dla shoppera (np. “prosze o pomidory polskie”).Producent:MaspexDystrybutor:MWS Sp. z o.o. Sp. k.Strefowa 13 43-100 Tychymaspex@maspex.comImporter:MWS Sp. z o.o.Strefowa 13 43-100 Tychy PLmaspex@maspex.comNazwa wymagana prawnie:Napój wieloowocowy z dodatkiem witaminy C. Zawiera cukier i substancje słodzącą. Pasteryzowany, naturalnie mętny. Wysoka zawartość witaminy C"}], "images": ["data/images/dd1c03b73a6a60445f22866395293581.jpg"], "absolute_path": "Napoje/Owocowe/Produkt 11"}
{"name": "Produkt 13", "url": "https://zakupy.biedronka.pl/hortex-hortex-tropical-duo-napoj-wieloowocowy-pomarancza-yuzu-1-l-0000786391.html", "title": "Hortex Tropical Duo Napój wieloowocowy pomarańcza yuzu 1 L", "brand": "Hortex", "price": "3.49 PLN", "packaging_details": "1l- 3,49 zł / l", "description_sections": [{"header": "Opis produktu", "content": "Bez dodatku substancji konserwujących.Subrand:Tropical Duo"}, {"header": "Składniki i alergeny", "content": "Składniki:woda,soki owocowe z soków zagęszczonych: jabłkowy (16,9 %), pomarańczowy (3 %),cukier,regulator kwasowości: kwas cytrynowy,sok yuzu (0,1 %),barwnik: karoteny,aromat,substancja słodząca: sukralozaInne informacje o zawartości produktu:Barwniki:Zawiera, \n\nSmaki / Aromaty:Zawiera, \n\nSubstancje słodzące:Zawiera"}, {"header": "Wartość odżywcza", "content": "W 100 mlWartość energetyczna19 kcalTłuszcz0 gw tym kwasy tłuszczowe nasycone0 gWęglowodany4.8 gw tym cukry4.7 gBiałko0 gSól0 g"}, {"header": "Przechowywanie i sposób przygotowania", "content": "Sposób podania:Przed otwarciem wstrząsnąć. Powstały osad pochodzi z owoców i nie stanowi wady.  Otwieraj i zamykaj Bez przekręcania Po prostu unieś! Zamknij klik!"}, {"header": "Pozostałe informacje", "content": "Producent:Hortex Sp. z o.o.\nAl. Jerozolimskie 181 B\n02-222 WarszawaDystrybutor:Jeronimo Martins Polska S.A.Żniwna 5 62-025 Kostrzyn PLImporter:Jeronimo Martins Polska S.A.Żniwna 5 62-025 Kostrzyn PLNazwa wymagana prawnie:Napój wieloowocowy z pomarańczą i yuzu. Pasteryzowany. Niegazowany. Zawiera cukier i substancję słodzącą."}], "images": ["data/images/664cb80b52715bdac1dddbbf2ba4908f.jpg"], "absolute_path": "Napoje/Owocowe/Produkt 13"}
{"name": "Produkt 12", "url": "https://zakupy.biedronka.pl/frugo-frugo-ultrablack-napoj-wieloowocowy-niegazowany-500-ml-0000004566.html", "title": "Frugo Ultrablack Napój wieloowocowy niegazowany 500 ml", "brand": "Frugo", "price": "2.79 PLN", "packaging_details": "0.5l- 5,58 zł / l", "description_sections": [{"header": "Składniki i alergeny", "content": "Składniki:woda,sok jabłkowy z zagęszczonego soku jabłkowego (17 %),cukier,soki z zagęszczonych soków owocowych: winogronowy (2,2 %), wiśniowy (0,4 %), z aronii (0,4 %) (A) lub z czarnej porzeczki (0,4 %) (P), cytrynowy (0,1 %),kwas: kwas cytrynowy,przecier z owoców pitahaya z zagęszczonego przecieru (0,2 %),barwnik: karmel amoniakalno-siarczynowy,aromat,ekstrakt z liści mate (0,03 %),substancja słodząca: sukraloza,Wyprodukowany z zagęszczonych soków i przecieru (zawartość soków min. 20 %)Inne informacje o zawartości produktu:Substancje słodzące:Zawiera"}, {"header": "Wartość odżywcza", "content": "W 100 mlWartość energetyczna21 kcalTłuszcz0 gw tym kwasy tłuszczowe nasycone0 gWęglowodany4.9 gw tym cukry4.7 gBiałko0 gSól0 g"}, {"header": "Przechowywanie i sposób przygotowania", "content": "Sposób podania:Przed otwarciem wstrząsnąć. Ewentualny osad jest zjawiskiem naturalnym."}, {"header": "Pozostałe informacje", "content": "Kraj pochodzenia:PolskaKraj pochodzenia zależy od konkretnej partii produktu jaka znajduje się w sklepie. Informację o kraju pochodzenia znajdziesz na opakowaniu. Możesz również dodać komentarz z preferowanym typem produktu w koszyku lub wiadomości dla shoppera (np. “prosze o pomidory polskie”).Producent:FoodCare Sp. z o.o.\nul. Spokojna 4,\n32-080 ZabierzówNazwa wymagana prawnie:Napój wieloowocowy, niegazowany. Pasteryzowany. Zawiera cukier i substancję słodzącą."}], "images": ["data/images/b8181ae92a50cafcf992610b44092285.jpg"], "absolute_path": "Napoje/Owocowe/Produkt 12"}
{"name": "Produkt 18", "url": "https://zakupy.biedronka.pl/hortex-hortex-tropical-duo-napoj-wieloowocowy-kiwi-limonka-1-l-0000786392.html", "title": "Hortex Tropical Duo Napój wieloowocowy kiwi limonka 1 L", "brand": "Hortex", "price": "3.49 PLN", "packaging_details": "1l- 3,49 zł / l", "description_sections": [{"header": "Opis produktu", "content": "Bez dodatku substancji konserwujących.Subrand:Tropical Duo"}, {"header": "Składniki i alergeny", "content": "Składniki:woda,soki owocowe z soków zagęszczonych: jabłkowy (12 %), z kiwi (3 %),cukier,przecier kiwi (2 %),przecier mango z zagęszczonego przecieru (2 %),sok z limonek z zagęszczonego soku (1 %),regulatory kwasowości: kwas cytrynowy, cytryniany sodu,przeciwutleniacz: kwas askorbinowy,stabilizator: pektyny,aromaty,barwniki: kompleksy miedziowe chlorofili i chlorofilin, karoteny,substancja słodząca: sukralozaInne informacje o zawartości produktu:Przeciwutleniacze:Zawiera, \n\nBarwniki:Zawiera, \n\nSmaki / Aromaty:Zawiera, \n\nSubstancje słodzące:Zawiera"}, {"header": "Wartość odżywcza", "content": "W 100 mlWartość energetyczna20 kcalTłuszcz0 gw tym kwasy tłuszczowe nasycone0 gWęglowodany4.9 gw tym cukry4.8 gBiałko0 gSól0 g"}, {"header": "Przechowywanie i sposób przygotowania", "content": "Sposób podania:Przed otwarciem wstrząsnąć. Powstały osad pochodzi z owoców i nie stanowi wady.  Otwieraj i zamykaj Bez przekręcania Po prostu unieś! Zamknij klik!"}, {"header": "Pozostałe informacje", "content": "Producent:Hortex Sp. z o.o.\nAl. Jerozolimskie 181 B\n02-222 WarszawaDystrybutor:Jeronimo Martins Polska S.A.Żniwna 5 62-025 Kostrzyn PLImporter:Jeronimo Martins Polska S.A.Żniwna 5 62-025 Kostrzyn PLNazwa wymagana prawnie:Napój wieloowocowy z kiwi i limonką. Pasteryzowany. Niegazowany. Zawiera cukier i substancję słodzącą."}], "images": ["data/images/40e6cf3d9e077d43e7d863cdc0e3ecc0.jpg"], "absolute_path": "Napoje/Owocowe/Produkt 18"}
{"name": "Produkt 1", "url": "https://zakupy.biedronka.pl/corona-cero-piwo-bezalkoholowe-330-ml-0000023176.html", "title": "Corona Cero Piwo bezalkoholowe 330 ml", "brand": null, "price": "5.99 PLN", "packaging_details": "0.33l- 18,15 zł / l", "description_sections": [{"header": "Opis produktu", "content": "Meksykańskie piwo bezalkoholowe z subtelnymi nutami cytrusowymi, które zapewniają doskonale zbilansowany orzeźwiający smak. Warzone w 100% z naturalnych składników. Wariant zero piwa również serwowany jest z cząstką limonki na zimno prosto z butelki."}, {"header": "Składniki i alergeny", "content": "Składniki:woda,słódjęczmienny,kukurydza,cukier,chmiel,naturalne aromatyAlergeny:Zawiera Jęczmień"}, {"header": "Wartość odżywcza", "content": "W 100 mlWartość energetyczna17 kcalTłuszcz0 gw tym kwasy tłuszczowe nasycone0 gWęglowodany3.9 gw tym cukry0.7 gBiałko0.4 gSól0 g"}, {"header": "Pozostałe informacje", "content": "Nazwa wymagana prawnie:Piwo bezalkoholowe. Alk. 0,0 % obj."}], "images": ["data/images/6a8efd93482d1149aaaa4a6b0c745160.jpg"], "absolute_path": "Napoje/Bezalkoholowe/Produkt 1"}
{"name": "Produkt 17", "url": "https://zakupy.biedronka.pl/drwitt-drwitt-izotoniczny-napoj-owocowy-o-smaku-czerwonej-pomaranczy-750-ml-0000024213.html", "title": "DrWitt Izotoniczny napój owocowy o smaku czerwonej pomarańczy 750 ml", "brand": "DrWitt", "price": "3.49 PLN", "packaging_details": "0.75l- 4,65 zł / l", "description_sections": [{"header": "Opis produktu", "content": "Witaminy B6, B12 i niacyna przyczyniają się do zmniejszenia uczucia zmęczenia  znużenia.Roztwory węglowodanowo-elektrolitowe zwiększają wchłanianie wody podczas ćwiczeń fizycznych.Zrównoważona dieta oraz zdrowy tryb życia mają znaczenie dla zachowania zdrowia."}, {"header": "Składniki i alergeny", "content": "Składniki:woda,sok jabłkowy z zagęszczonego soku (20 %),glukoza,regulatory kwasowości: kwas cytrynowy i cytryniany sodu,stabilizatory,guma arabska,estry glicerolu i żywicy roślinnej,aromaty,substancja słodząca: sukraloza,witaminy: niacyna, B6, kwas foliowy, B12, biotyna i kwas pantotenowy,barwnik: czerwień allura AC - może mieć szkodliwy wpływ na aktywność i skupienie uwagi u dzieciInne informacje o zawartości produktu:Barwniki:Zawiera, \n\nSmaki / Aromaty:Zawiera, \n\nkonserwanty:Nie zawiera, \n\nSubstancje słodzące:Nie zawiera"}, {"header": "Wartość odżywcza", "content": "W 100 mlWartość energetyczna18 kcalTłuszcz0 gw tym kwasy tłuszczowe nasycone0 gWęglowodany4.3 gw tym cukry4.3 gBiałko0 gSól0.12 gWitaminy i składniki mineralnew 100  ml% RWS w 100  mlBiotyna3.75 µg56.25%Kwas foliowy15 µg56.25%Kwas pantotenowy0.45 mg56.25%Niacyna (B3)1.2 mg56.25%Witamina B120.19 µg56.25%Witamina B60.11 mg56.25%"}, {"header": "Przechowywanie i sposób przygotowania", "content": "Sposób podania:Wstrząśnij przed otwarciem. Użyte surowce mogą powodować powstanie osadu"}, {"header": "Pozostałe informacje", "content": "Producent:MWS Sp. z o.o.,\nul. Strefowa 13,\n43-100 TychyDystrybutor:Jeronimo Martins Polska S.A.Żniwna 5 62-025 Kostrzyn PLImporter:Jeronimo Martins Polska S.A.Żniwna 5 62-025 Kostrzyn PLNazwa wymagana prawnie:Izotoniczny napój owocowy o smaku czerwonej pomarańczy z dodatkiem witamin. Niegazowany, pasteryzowany. Zawiera cukier i substancję słodzącą."}], "images": ["data/images/8e0f0d690681dee6e2ff7167bf5d1fa6.jpg"], "absolute_path": "Napoje/Owocowe/Produkt 17"}
{"name": "Produkt 2", "url": "https://zakupy.biedronka.pl/okocim-okocim-mix-ciemnego-piwa-bezalkoholowego-z-lemoniada-ciemna-wisnia-500-ml-0000008476.html", "title": "Okocim Mix ciemnego piwa bezalkoholowego z lemoniadą ciemna wiśnia 500 ml", "brand": "Okocim", "price": "4.69 PLN", "packaging_details": "0.5l- 9,38 zł / l", "description_sections": [{"header": "Składniki i alergeny", "content": "Składniki:woda,sok jabłkowy* (18,9 %),cukier,słódjęczmienny,dwutlenek węgla,ekstrakt słodujęczmiennego,sok z limonki (1 %)*,kwas (kwas cytrynowy),sok z czarnego bzu*,koncentrat barwiący z czarnej marchwi,naturalne aromaty,sok wiśniowy (0,1 %)*,substancja słodząca (glikozydy stewiolowe ze stewii),chmiel,*Wyprodukowano z zagęszczonych soków owocowychAlergeny:Zawiera JęczmieńInne informacje o zawartości produktu:Smaki / Aromaty:Zawiera, \n\nSubstancje słodzące:Zawiera"}, {"header": "Wartość odżywcza", "content": "W 100 mlWartość energetyczna24 kcalTłuszcz0 gw tym kwasy tłuszczowe nasycone0 gWęglowodany5.6 gw tym cukry4.4 gBiałko0 gSól0 g"}, {"header": "Pozostałe informacje", "content": "Producent:Carlsberg Polska Sp. z o.o.,\nul. Krakowiaków 34,\n02-255 Warszawa\nwww.okocim.pl\nInfolinia 801 888 333\nkoszt połączenia wg taryfy operatoraDystrybutor:Carlsberg Polska Sp. z o.o.ul. Krakowiaków 34 02-255  WarszawaNazwa wymagana prawnie:Mix ciemnego piwa bezalkoholowego z lemoniadą o smaku wiśniowym. Pasteryzowany. Alk. 0,0 % obj. Zawiera cukier i substancję słodzącą - glikozydy stewiolowe ze stewii."}], "images": ["data/images/1370cf7ede7f87f65678e3e88099b497.jpg"], "absolute_path": "Napoje/Bezalkoholowe/Produkt 2"}
{"name": "Produkt 16", "url": "https://zakupy.biedronka.pl/hortex-hortex-tropical-duo-napoj-wieloowocowy-czerwone-winogrono-gujawa-1-l-0000786393.html", "title": "Hortex Tropical Duo Napój wieloowocowy czerwone winogrono gujawa 1 L", "brand": "Hortex", "price": "3.49 PLN", "packaging_details": "1l- 3,49 zł / l", "description_sections": [{"header": "Opis produktu", "content": "Bez dodatku substancji konserwujących."}, {"header": "Składniki i alergeny", "content": "Składniki:woda,soki owocowe z soków zagęszczonych: jabłkowy (13 %), z czerwonych winogron (6 %),cukier,przecier gujawy (1 %),regulator kwasowości: kwas cytrynowy,aromat,substancja słodząca: sukralozaInne informacje o zawartości produktu:Smaki / Aromaty:Zawiera, \n\nSubstancje słodzące:Zawiera"}, {"header": "Wartość odżywcza", "content": "W 100 mlWartość energetyczna20 kcalTłuszcz0 gw tym kwasy tłuszczowe nasycone0 gWęglowodany4.9 gw tym cukry4.9 gBiałko0 gSól0 g"}, {"header": "Przechowywanie i sposób przygotowania", "content": "Sposób podania:Przed otwarciem wstrząsnąć. Powstały osad pochodzi z owoców i nie stanowi wady.  Otwieraj i zamykaj Bez przekręcania Po prostu unieś! Zamknij klik!"}, {"header": "Pozostałe informacje", "content": "Producent:Hortex Sp. z o.o.\nAl. Jerozolimskie 181 B\n02-222 WarszawaDystrybutor:Jeronimo Martins Polska S.A.Żniwna 5 62-025 Kostrzyn PLImporter:Jeronimo Martins Polska S.A.Żniwna 5 62-025 Kostrzyn PLNazwa wymagana prawnie:Napój wieloowocowy z czerwonym winogronem i gujawą. Pasteryzowany. Niegazowany. Zawiera cukier i substancję słodzącą. Bez dodatku substancji konserwujących."}], "images": ["data/images/f5c53be2a8e49b2d7196d2a042590bff.jpg"], "absolute_path": "Napoje/Owocowe/Produkt 16"}
{"name": "Produkt 4", "url": "https://zakupy.biedronka.pl/warka-warka-radler-piwo-bezalkoholowe-cytryna-500-ml-0000006399.html", "title": "Warka Radler Piwo bezalkoholowe cytryna 500 ml", "brand": "Warka", "price": "4.19 PLN", "packaging_details": "0.5l- 8,38 zł / l", "description_sections": [{"header": "Opis produktu", "content": "Piwo bezalkoholowe Warka z lemoniadą o smaku cytrusowym to klasyczne owocowe połączenie.Rozkoszuj się tym najbardziej rozpoznawalnym smakiem orzeźwiającej soczystej cytryny.Idealne połączenie jasnego piwa bezalkoholowego z lemoniadą doskonale ugasi pragnienie w ciepły dzień.Warka to najbardziej piwna marka, która warzenie ma już w swojej nazwie.Słowo „warka” w języku piwowarów oznacza bowiem porcję piwa uwarzonego na raz i jest jednocześnie nazwą miasta o wielowiekowych tradycjach browarniczych.Subrand:Radler"}, {"header": "Składniki i alergeny", "content": "Składniki:woda,słódjęczmienny,soki z zagęszczonych soków: jabłkowy (15,8 %), cytrynowy (2,4 %), pomarańczowy (1,8 %),cukier,naturalny aromat,regulator kwasowości (kwas cytrynowy),stabilizator (guma arabska),substancja słodząca (glikozydy stewiolowe ze stewii),ekstrakt trawy cytrynowej,ekstrakt z chmieluAlergeny:Zawiera JęczmieńInne informacje o zawartości produktu:Smaki / Aromaty:Zawiera, \n\nSubstancje słodzące:Zawiera"}, {"header": "Wartość odżywcza", "content": "W 100 mlWartość energetyczna26 kcalTłuszcz0 gw tym kwasy tłuszczowe nasycone0 gWęglowodany6.4 gw tym cukry4.5 gBiałko0 gSól0 g"}, {"header": "Pozostałe informacje", "content": "Producent:Grupa Żywiec Sp. z o.o.,\nul. Browarna 88,\n34-300 Żywiec\nInfolinia: 801-540-450,\nopłata wg taryfy operatoraDystrybutor:Grupa Żywiec Sp. z o.o.ul. Browarna 88 34-300 Żywiec801-540-450Nazwa wymagana prawnie:Bezalkoholowy napój piwny. Piwo bezalkoholowe z lemoniadą o smaku cytrusowym, pasteryzowane, alk. 0,0 % obj. Zawiera cukier i substancje słodzące."}], "images": ["data/images/c4a5cf0a2d6e42e44afcc927f54bc92f.jpg"], "absolute_path": "Napoje/Bezalkoholowe/Produkt 4"}
{"name": "Produkt 1", "url": "https://zakupy.biedronka.pl/riviva-riviva-sok-pomarancza-z-czasteczkami-100-1-l-0000000843.html", "title": "Riviva Sok pomarańcza z cząsteczkami 100 % 1 l", "brand": "Riviva", "price": "8.99 PLN", "packaging_details": "1l- 7,19 zł / l", "description_sections": [{"header": "Składniki i alergeny", "content": "Składniki:sok pomarańczowy z zagęszczonego soku pomarańczowego z cząsteczkami. Zawartość owoców 100%. Zawartość miąższu 6%.Inne informacje o zawartości produktu:Zawiera surowce GMO:Nie, \n\nDodatkowe informacje na temat produktu:Zawartość soli wynika wyłącznie z obecności naturalnie występującego sodu."}, {"header": "Wartość odżywcza", "content": "W 100 mlWartość energetyczna kcal43 kcalZawartość tłuszczów (ogólnie)0.5 gKwasy tłuszczowe nasycone0.1 gZawartość węglowodanów9.8 gCukry9.8 gZawartość białek0.6 gZawartość soli0.01 gWitaminy i składniki mineralnew 100 ml% RWS w 100 mlWitamina C12 mg0%Witamina C (%RWS)15 %RWS0%"}, {"header": "Pozostałe informacje", "content": "Producent:Fortuna Sp. z o.o.Dystrybutor:Jeronimo Martins Polska S.A.Żniwna 5 62-025 KostrzynImporter:Jeronimo Martins Polska S.A.Żniwna 5 62-025 Kostrzyn PLNazwa wymagana prawnie:Sok pomarańczowy z cząsteczkami miąższu"}], "images": ["data/images/60dcb31db29c04d9e46a8e0a6c01776b.jpg"], "absolute_path": "Napoje/Soki/Soki owocowe 100%/Produkt 1"}
{"name": "Produkt 5", "url": "https://zakupy.biedronka.pl/tyskie-tyskie-piwo-bezalkoholowe-500-ml-0000007373.html", "title": "Tyskie Piwo bezalkoholowe 500 ml", "brand": "Tyskie", "price": "4.49 PLN", "packaging_details": "0.5l- 8,98 zł / l", "description_sections": [{"header": "Opis produktu", "content": "Tyskie zawdzięcza swój wyjątkowy charakter pokoleniom browarników z Tyskich Browarów Książęcych. Teraz dzięki wprowadzeniu wariantu 0,0% możesz cieszyć się pełnym smakiem Tyskiego zawsze wtedy, kiedy masz na to ochotę, bez żadnych ograniczeń!Nadchodzi nowy rozdział przechodzenia na TY!"}, {"header": "Składniki i alergeny", "content": "Składniki:woda,słódjęczmienny,chmiel i wyciąg z szyszek chmielowych,aromat naturalnyAlergeny:Zboża zawierajace gluten, \n\nJęczmień i produkty jęczmienneInne informacje o zawartości produktu:Zawiera surowce GMO:Nie"}, {"header": "Wartość odżywcza", "content": "W 100 mlWartość energetyczna kcal23 kcalZawartość tłuszczów (ogólnie)0 gKwasy tłuszczowe nasycone0 gZawartość węglowodanów5.5 gCukry3.1 gZawartość białek0 gZawartość soli0 g"}, {"header": "Pozostałe informacje", "content": "Kraj pochodzenia:PolskaKraj pochodzenia zależy od konkretnej partii produktu jaka znajduje się w sklepie. Informację o kraju pochodzenia znajdziesz na opakowaniu. Możesz również dodać komentarz z preferowanym typem produktu w koszyku lub wiadomości dla shoppera (np. “prosze o pomidory polskie”).Producent:Kompania Piwowarska SA,\n61-285 Poznań,\nul. Szwajcarska 11\n\nInfolinia 801 133 133\nOpłata wg taryfy lokalnej\nwww.tyskie.pl\ninfo.tyskie@kp.plDystrybutor:Kompania Piwowarska S.A. PoznańSzwajcarska 11 61-285 PoznańNazwa wymagana prawnie:Piwo bezalkoholowe, alk. 0,0 % obj., pasteryzowane."}], "images": ["data/images/54f2ab3de301dcb825d9df61641132a8.jpg"], "absolute_path": "Napoje/Bezalkoholowe/Produkt 5"}
{"name": "Produkt 3", "url": "https://zakupy.biedronka.pl/zywiec-zywiec-bezalkoholowy-napoj-piwny-malinaz-and-nuta-trawy-cytrynowej-500-ml-0000016222.html", "title": "Żywiec Bezalkoholowy napój piwny malinaż & nuta trawy cytrynowej 500 ml", "brand": "Żywiec", "price": "5.29 PLN", "packaging_details": "0.5l- 10,58 zł / l", "description_sections": [{"header": "Składniki i alergeny", "content": "Składniki:woda,soki z zagęszczonych soków: jabłkowy (14,9 %), cytrynowy (2,7 %), pomarańczowy (1,9 %), z limetki (0,4%), malinowy (0,1 %),słódjęczmienny,cukier,koncentrat soku z czarnej marchwi,ekstrakt z cytryny,naturalny aromat,ekstrakt z kolendry,regulator kwasowości (kwas cytrynowy),ekstrakt trawy cytrynowej,substancja słodząca (glikozydy stewiolowe ze stewii),stabilizator (mączka chleba świętojańskiego),dwutlenek węgla,ekstrakt z chmieluAlergeny:Zawiera JęczmieńInne informacje o zawartości produktu:Additives:Contains, \n\nFlavours:Contains, \n\nSweeteners:Contains"}, {"header": "Wartość odżywcza", "content": "W 100 mlWartość energetyczna20 kcalTłuszcz0 gw tym kwasy tłuszczowe nasycone0 gWęglowodany5.1 gw tym cukry4.2 gBiałko0 gSól0 g"}, {"header": "Pozostałe informacje", "content": "Kraj pochodzenia:PolandKraj pochodzenia zależy od konkretnej partii produktu jaka znajduje się w sklepie. Informację o kraju pochodzenia znajdziesz na opakowaniu. Możesz również dodać komentarz z preferowanym typem produktu w koszyku lub wiadomości dla shoppera (np. “prosze o pomidory polskie”).Nazwa wymagana prawnie:Bezalkoholowy napój piwny o smaku maliny z trawą cytrynową, alk. 0,0 % obj., pasteryzowany. Zawiera cukier i substancję słodzącą."}], "images": ["data/images/e8fd160ace78fa7ea109ed6efe03d79a.jpg"], "absolute_path": "Napoje/Bezalkoholowe/Produkt 3"}
{"name": "Produkt 2", "url": "https://zakupy.biedronka.pl/tymbark-tymbark-sok-100-pomarancza-1-l-0000005756.html", "title": "Tymbark Sok 100 % pomarańcza 1 l", "brand": "Tymbark", "price": "8.99 PLN", "packaging_details": "1l- 8,99 zł / l", "description_sections": [{"header": "Opis produktu", "content": "Szklanka soku do śniadaniaTen sok jest źródłem witaminy C & potasu!Witamina C sprawia, że Twój organizm łatwiej przyswaja żelazo, a potas wspomaga prace Twoich mięśni!Witamina C pomaga w prawidłowym funkcjonowaniu układu odpornościowego oraz zwiększa przyswajanie żelaza.Potas pomaga w prawidłowym funkcjonowaniu mięśni, układu nerwowego oraz w utrzymaniu prawidłowego ciśnienia krwi.Zrównoważona dieta oraz zdrowy tryb życia mają duże znaczenie dla zachowania zdrowia.Cukry zawarte w tym soku pochodzą tylko z owoców"}, {"header": "Składniki i alergeny", "content": "Składniki:sok pomarańczowy 100 % z zagęszczonego soku"}, {"header": "Wartość odżywcza", "content": "W 100 mlWartość energetyczna44 kcalTłuszcz0 gw tym kwasy tłuszczowe nasycone0 gWęglowodany10 gw tym cukry10 gBiałko0.6 gSól0 gWitaminy i składniki mineralnew 100  ml% RWS w 100  mlPotas150 mg7.5%Witamina C12 mg15%"}, {"header": "Przechowywanie i sposób przygotowania", "content": "Sposób podania:Wstrząśnij przed otwarciemUżyte surowce mogą powodować powstanie naturalnego osadu."}, {"header": "Pozostałe informacje", "content": "Nazwa wymagana prawnie:Sok pomarańczowy 100 % z zagęszczonego soku pomarańczowego pasteryzowany. Źródło witaminy C i potasu."}], "images": ["data/images/1cc55e3f0bf1c6e059c9ce5dded96898.jpg"], "absolute_path": "Napoje/Soki/Soki owocowe 100%/Produkt 2"}
{"name": "Produkt 6", "url": "https://zakupy.biedronka.pl/tymbark-tymbark-sok-100-jablko-1-l-0000007413.html", "title": "Tymbark Sok 100 % jabłko 1 l", "brand": "Tymbark", "price": "5.49 PLN", "packaging_details": "1l- 5,49 zł / l", "description_sections": [{"header": "Opis produktu", "content": "Źródło witaminy C.Szklanka soku do śniadaniaTen sok jest źródłem witaminy CWitamina C wspiera Twoją odporność!Witamina C pomaga w prawidłowym funkcjonowaniu układu odpornościowego.Zrównoważona dieta oraz zdrowy tryb życia mają duże znaczenie dla zachowania zdrowia."}, {"header": "Składniki i alergeny", "content": "Składniki:sok jabłkowy 100 % z zagęszczonego soku,witamina C"}, {"header": "Wartość odżywcza", "content": "W 100 mlWartość energetyczna41 kcalTłuszcz0 gw tym kwasy tłuszczowe nasycone0 gWęglowodany10 gw tym cukry10 gBiałko0 gSól0 gWitaminy i składniki mineralnew 100  ml% RWS w 100  mlWitamina C6 mg7.5%"}, {"header": "Przechowywanie i sposób przygotowania", "content": "Sposób podania:Wstrząśnij przed otwarciem"}, {"header": "Pozostałe informacje", "content": "Producent:MWS Sp. z o.o.\nul. Strefowa 13\n43-100 TychyNazwa wymagana prawnie:Sok jabłkowy 100 % z zagęszczonego soku jabłkowego z dodatkiem witaminy C. Pasteryzowany."}], "images": ["data/images/6defbc3f011f32bc6dfb52c7f5a4e534.jpg"], "absolute_path": "Napoje/Soki/Soki owocowe 100%/Produkt 6"}
{"name": "Produkt 5", "url": "https://zakupy.biedronka.pl/hortex-hortex-sok-100-jablko-1-l-0000008357.html", "title": "Hortex Sok 100 % jabłko 1 l", "brand": "Hortex", "price": "3.99 PLN", "packaging_details": "1l- 3,99 zł / l", "description_sections": [{"header": "Opis produktu", "content": "Wyśmienity, klarowny 100 % Sok Jabłkowy kuszący klasycznym smakiem najlepszych polskich jabłek! Szukasz sposobu na lekkie orzeźwienie? Mamy na to sposób! Szklanka soku jabłkowego. Źródło witaminy C. Sok na dobry dzień Źródło witaminy C. Witamina C przyczynia się do zmniejszenia uczucia zmęczenia i znużenia. Ważny jest zrównoważony sposób żywienia i zdrowy tryb życia. Picie co najmniej 100 ml soku dziennie pomaga osiągnąć korzystny efekt dla zdrowia."}, {"header": "Składniki i alergeny", "content": "Składniki:sok jabłkowy z zagęszczonego soku jabłkowego (100 %),witamina C"}, {"header": "Wartość odżywcza", "content": "W 100 mlWartość energetyczna43 kcalTłuszcz0 gw tym kwasy tłuszczowe nasycone0 gWęglowodany10.6 gw tym cukry10.1 gBiałko0.1 gSól0 gWitaminy i składniki mineralnew 100  ml% RWS w 100  mlWitamina C6 mg7.5%"}, {"header": "Przechowywanie i sposób przygotowania", "content": "Sposób podania:Przed otwarciem wstrząsnąć. Ewentualny osad pochodzi z soku i nie stanowi wady."}, {"header": "Pozostałe informacje", "content": "Producent:Hortex Sp. z o.o.,\nul. Mszczonowska 2,\n02-337 Warszawa\nwww.sokihortex.plNazwa wymagana prawnie:Sok jabłkowy z zagęszczonego soku jabłkowego 100 %. Wzbogacony w witaminę C. Pasteryzowany."}], "images": ["data/images/ec9120d35115c8e7bdfb82ffd264a0f3.jpg"], "absolute_path": "Napoje/Soki/Soki owocowe 100%/Produkt 5"}
{"name": "Produkt 4", "url": "https://zakupy.biedronka.pl/vital-fresh-vital-fresh-sok-mandarynka-mango-marakuja-100-1-l-0000006812.html", "title": "Vital Fresh Sok mandarynka mango marakuja 100 % 1 l", "brand": "Vital Fresh", "price": "10.99 PLN", "packaging_details": "1l- 10,99 zł / l", "description_sections": [{"header": "Opis produktu", "content": "100 ml soku zawiera ilość witaminy C, która pomaga w prawidłowym funkcjonowaniu układu odpornościowego. Ważny jest zrównoważony sposób żywienia i zdrowy tryb życia. Smak i barwa soku mogą się różnić w zależności od odmian, stopnia dojrzewania i pory zbiorów owoców.Nutriscore:C"}, {"header": "Składniki i alergeny", "content": "Składniki:sok mandarynkowy (90%), przecier z mango (6%), sok z marakui (4%)."}, {"header": "Pozostałe informacje", "content": "Nazwa wymagana prawnie:Sok z mandarynek, mango, marakui. Mętny. Bezpośrednio wyciskany. Pasteryzowany. Nie z soku zagęszczonego."}], "images": ["data/images/ec4043867a78b3d21988d79148c3a00c.jpg"], "absolute_path": "Napoje/Soki/Soki owocowe 100%/Produkt 4"}
{"name": "Produkt 3", "url": "https://zakupy.biedronka.pl/tymbark-tymbark-sok-100-multiwitamina-1-l-0000007412.html", "title": "Tymbark Sok 100 % multiwitamina 1 l", "brand": "Tymbark", "price": "5.95 PLN", "packaging_details": "1l- 5,95 zł / l", "description_sections": [{"header": "Opis produktu", "content": "Źródło witamin: A, C, E, B6, B12, tiaminy, ryboflawiny, niacyny, biotyny, kwasu foliowego i kwasu pantotenowego.Szklanka soku do śniadaniaTen sok jest źródłem 11 witamin, w tym BiotynyBiotyna dba o Twoje włosy i skóręSok 100 % multiwitamina witalność**Szklanka soku do śniadania ten sok jest źródłemBiotyna dba + o Twoje włosy i skóręBiotyna - pomaga zachować zdrowe włosy i skórę.**Witamina B6 i kwas pantotenowy przyczyniają się do zmniejszania uczucia zmęczenia i znużenia oraz do utrzymania prawidłowego metabolizmu energetycznego.Zrównoważona dieta oraz zdrowy tryb życia mają duże znaczenie dla zachowania zdrowia."}, {"header": "Składniki i alergeny", "content": "Składniki:soki z zagęszczonych soków z: jabłek (60 %) i pomarańczy (22 %) i marchwi (12 %),przeciery z: bananów (3 %), brzoskwiń, gujawy i papai,soki z zagęszczonych soków z: ananasów (2 %), mango (0,5 %), marakui, liczi (0,05 %), figi kaktusowej, kiwi i limonek,witaminy: A, C, E, B6, B12, tiamina, ryboflawina, niacyna, biotyna, kwas foliowy i kwas pantotenowy"}, {"header": "Wartość odżywcza", "content": "W 100 mlWartość energetyczna46 kcalTłuszcz0 gw tym kwasy tłuszczowe nasycone0 gWęglowodany11 gw tym cukry0 gBiałko0 gSól0 gWitaminy i składniki mineralnew 100  ml% RWS w 100  mlBiotyna3.75 µg7.5%Kwas foliowy15 µg7.5%Kwas pantotenowy0.45 mg7.5%Niacyna (B3)1.2 mg7.5%Ryboflawina (B2)0.11 mg7.5%Tiamina (B1)0.88 mg7.5%Witamina A232 µg29%Witamina B120.19 µg7.5%Witamina B60.11 mg7.5%Witamina C6 mg7.5%Witamina E0.9 mg7.5%"}, {"header": "Przechowywanie i sposób przygotowania", "content": "Sposób podania:Wstrząśnij przed otwarciemUżyte surowce mogą powodować powstawanie naturalnego osadu."}, {"header": "Pozostałe informacje", "content": "Nazwa wymagana prawnie:Sok wieloowocowo-marchwiowy 100 % częściowo z zagęszczonych soków z dodatkiem witamin. Pasteryzowany."}], "images": ["data/images/02635637395fd4dd1f4c813c1964513e.jpg"], "absolute_path": "Napoje/Soki/Soki owocowe 100%/Produkt 3"}
{"name": "Produkt 7", "url": "https://zakupy.biedronka.pl/vital-fresh-vital-fresh-smoothie-szparagi-jablko-banan-limonka-750-ml-0000006587.html", "title": "Vital Fresh Smoothie szparagi jabłko banan limonka 750 ml", "brand": "Vital Fresh", "price": "6.99 PLN", "packaging_details": "0.75l- 9,32 zł / l", "description_sections": [{"header": "Składniki i alergeny", "content": "Składniki:sok bezpośrednio wyciskany z jabłek (63,7%), przecier jabłkowy (25%), przecier z zielonych szparagów (5%), przecier z bananów (5%), sok bezpośrednio wyciskany z limonki (1%), barwnik (kompleksy miedziowe chlorofili), przeciwutleniacz (kwas askorbinowy), regulator kwasowości (kwas cytrynowy)."}, {"header": "Przechowywanie i sposób przygotowania", "content": "Sposób podania:Przed otwarciem wstrząsnąć."}, {"header": "Pozostałe informacje", "content": "Nazwa wymagana prawnie:Napój owocowo-warzywny, częściowo z koncentratu i przecierów. Pasteryzowany."}], "images": ["data/images/c17d91db9c599d5da003ea717ac0a425.jpg"], "absolute_path": "Napoje/Soki/Soki owocowe 100%/Produkt 7"}
{"name": "Produkt 11", "url": "https://zakupy.biedronka.pl/tymbark-tymbark-sok-malina-jablko-marchew-1vitamini-100-vitamini-100-l-0000007181.html", "title": "Tymbark Sok malina jabłko marchew 1Vitamini 100 % Vitamini 100 % l", "brand": "Tymbark", "price": "4.99 PLN", "packaging_details": "1l- 4,99 zł / l", "description_sections": [{"header": "Opis produktu", "content": "Witamina A zawarta w 100 ml soku pomaga zachować zdrową skórę. Witamina C zawarta w 100 ml soku przyczynia się do zmniejszenia uczucia zmęczenia i znużenia. Witamina E zawarta w 100 ml soku pomaga w ochronie komórek przed stresem oksydacyjnym. Zrównoważona dieta oraz zdrowy tryb życia maja duże znaczenie dla zachowania zdrowia.Jesteś piękna, dbaj o to!Zacznij dzień od uśmiechu!Codziennie spraw sobie małą przyjemność.Pamiętaj o szklance Vitamini!"}, {"header": "Składniki i alergeny", "content": "Składniki:sok jabłkowy z zagęszczonego soku (50%), przecier z marchwi (37%), woda, przeciery z: malin (4%) i jabłek (2%), witaminy: C i E, aromatInne informacje o zawartości produktu:Zawiera surowce GMO:Nie, \n\nOsłonka niejadalna:Nie, \n\nInformacje szczegółowe dotyczące środków słodzących:Nie, \n\nZawiera lukrecję:Nie, \n\nZawiera chininę:Nie, \n\nZawiera taurynę:Nie, \n\nZawiera przeciwutleniacze:Nie, \n\nZawiera wzmacniacze smaku:Nie, \n\nZawiera fosforany:Nie, \n\nZawiera siarczyny:Nie, \n\nZawiera barwniki:Nie, \n\nZawiera substancje konserwujące:Nie, \n\nZawiera kofeinę:Nie, \n\nŚrodki spozywcze z dodatkiem fitosteroli, estrów fitosteroli, fitostanoli lub estrów fitostanoli:Nie"}, {"header": "Wartość odżywcza", "content": "W 100 mlWartość energetyczna kcal37 kcalZawartość tłuszczów (ogólnie)0.5 gKwasy tłuszczowe nasycone0.1 gZawartość węglowodanów7.5 gCukry7.4 gZawartość błonnika1.7 gZawartość białek0.5 gZawartość soli0.08 gWitaminy i składniki mineralnew 100 g% RWS w 100 gWitamina A400 μg0%Witamina A (%RWS)50 %RWS0%Witamina C6 mg0%Witamina C (%RWS)7.5 %RWS0%Witamina E0.9 mg0%Witamina E (%RWS)7.5 %RWS0%"}, {"header": "Pozostałe informacje", "content": "Kraj pochodzenia:PolskaKraj pochodzenia zależy od konkretnej partii produktu jaka znajduje się w sklepie. Informację o kraju pochodzenia znajdziesz na opakowaniu. Możesz również dodać komentarz z preferowanym typem produktu w koszyku lub wiadomości dla shoppera (np. “prosze o pomidory polskie”).Producent:MWS Sp. z o.o.\nul. Strefowa 13\n43-100 TychyDystrybutor:MWS Sp. z o.o.Strefowa 13 43-100 Tychymaspex@maspex.comNazwa wymagana prawnie:Sok z owoców i marchwi częściowo z soku zagęszczonego z dodatkiem witamin C i E. Przecierowy, pasteryzowany. Bez dodatku cukrów"}], "images": ["data/images/c13a31c8c553d65893a3f8e75b6e439d.jpg"], "absolute_path": "Napoje/Soki/Soki owocowe 100%/Produkt 11"}
{"name": "Produkt 8", "url": "https://zakupy.biedronka.pl/vital-fresh-vital-fresh-sok-100-pomarancza-ananas-marakuja-1-l-0000014714.html", "title": "Vital Fresh Sok 100 % pomarańcza ananas marakuja 1 l", "brand": "Vital Fresh", "price": "10.49 PLN", "packaging_details": "1l- 10,49 zł / l", "description_sections": [{"header": "Opis produktu", "content": "100 ml soku zawiera ilość witaminy C, która pomaga w prawidłowym funkcjonowaniu układu odpornościowego. Ważny jest zrównoważony sposób żywienia i zdrowy tryb życia. Smak i barwa soku mogą się różnić w zależności od odmian, stopnia dojrzałości i pory zbiorów owoców.Nutriscore:C"}, {"header": "Składniki i alergeny", "content": "Składniki:sok pomarańczowy (54,5%), sok z ananasów (45%), sok z marakui (0,5%)"}, {"header": "Pozostałe informacje", "content": "Nazwa wymagana prawnie:Sok z pomarańczy, ananasów i marakui 100% mętny, bezpośrednio wyciskany"}], "images": ["data/images/cc943a88c9b4a03d764eeac73aca65d6.jpg"], "absolute_path": "Napoje/Soki/Soki owocowe 100%/Produkt 8"}
{"name": "Produkt 10", "url": "https://zakupy.biedronka.pl/vital-fresh-vital-fresh-smoothie-marchewka-ananas-brzoskwinia-pomarancza-750-ml-0000006588.html", "title": "Vital Fresh Smoothie marchewka ananas brzoskwinia pomarańcza 750 ml", "brand": "Vital Fresh", "price": "6.99 PLN", "packaging_details": "0.75l- 9,32 zł / l", "description_sections": [{"header": "Składniki i alergeny", "content": "Składniki:sok bezpośrednio wyciskany z ananasów (34%), przecier z marchewki (30%), przecier z brzoskwini (16%), sok bezpośrednio wyciskany z marchwi (10%), sok bezpośrednio wyciskany z pomarańczy (10%)."}, {"header": "Przechowywanie i sposób przygotowania", "content": "Sposób podania:Przed otwarciem wstrząsnąć."}, {"header": "Pozostałe informacje", "content": "Nazwa wymagana prawnie:Sok owocowo-warzywny nie z koncentratu, częściowo z przecierów. Pasteryzowany. Źródło błonnika pokarmowego."}], "images": ["data/images/3a677deef1f8226c9a52e112cf2c1e82.jpg"], "absolute_path": "Napoje/Soki/Soki owocowe 100%/Produkt 10"}
{"name": "Produkt 12", "url": "https://zakupy.biedronka.pl/tymbark-tymbark-sok-jablko-marchew-banan-vitamini-100-1-l-0000007180.html", "title": "Tymbark Sok jabłko marchew banan Vitamini 100 % 1 l", "brand": "Tymbark", "price": "4.99 PLN", "packaging_details": "1l- 4,99 zł / l", "description_sections": [{"header": "Opis produktu", "content": "Witamina A zawarta w 100 ml soku pomaga zachować zdrową skórę. Witamina C zawarta w 100 ml soku przyczynia się do zmniejszenia uczucia zmęczenia i znużenia. Witamina E zawarta w 100 ml soku pomaga w ochronie komórek przed stresem oksydacyjnym. Zrównoważona dieta oraz zdrowy tryb życia maja duże znaczenie dla zachowania zdrowia.Jesteś piękna, dbaj o to!Spróbuj raz w tygodniu położyć się o godzinę wcześniej.Pamiętaj o szklance Vitamini!"}, {"header": "Składniki i alergeny", "content": "Składniki:sok jabłkowy z zagęszczonego soku (37%), przecier z marchwi (33%), woda, przecier z bananów (11%), witaminy: C i EInne informacje o zawartości produktu:Zawiera surowce GMO:Nie, \n\nOsłonka niejadalna:Nie, \n\nInformacje szczegółowe dotyczące środków słodzących:Nie, \n\nZawiera lukrecję:Nie, \n\nZawiera chininę:Nie, \n\nZawiera taurynę:Nie, \n\nZawiera przeciwutleniacze:Nie, \n\nZawiera wzmacniacze smaku:Nie, \n\nZawiera fosforany:Nie, \n\nZawiera siarczyny:Nie, \n\nZawiera barwniki:Nie, \n\nZawiera substancje konserwujące:Nie, \n\nZawiera kofeinę:Nie, \n\nŚrodki spozywcze z dodatkiem fitosteroli, estrów fitosteroli, fitostanoli lub estrów fitostanoli:Nie"}, {"header": "Wartość odżywcza", "content": "W 100 mlWartość energetyczna kcal38 kcalZawartość tłuszczów (ogólnie)0.5 gKwasy tłuszczowe nasycone0.01 gZawartość węglowodanów8 gCukry7.7 gZawartość błonnika1.4 gZawartość białek0.5 gZawartość soli0.07 gWitaminy i składniki mineralnew 100 g% RWS w 100 gWitamina A240 μg0%Witamina A (%RWS)30 %RWS0%Witamina C6 mg0%Witamina C (%RWS)7.5 %RWS0%Witamina E0.9 mg0%Witamina E (%RWS)7.5 %RWS0%"}, {"header": "Pozostałe informacje", "content": "Kraj pochodzenia:PolskaKraj pochodzenia zależy od konkretnej partii produktu jaka znajduje się w sklepie. Informację o kraju pochodzenia znajdziesz na opakowaniu. Możesz również dodać komentarz z preferowanym typem produktu w koszyku lub wiadomości dla shoppera (np. “prosze o pomidory polskie”).Producent:MWS Sp. z o.o.\nul. Strefowa 13\n43-100 TychyDystrybutor:MWS Sp. z o.o.Strefowa 13 43-100 Tychymaspex@maspex.comNazwa wymagana prawnie:Sok z owoców i marchwi częściowo z soku zagęszczonego z dodatkiem witamin C i E. Przecierowy, pasteryzowany. bez dodatku cukrów."}], "images": ["data/images/6e95dd8e1ff59d43db7d5961b519d08f.jpg"], "absolute_path": "Napoje/Soki/Soki owocowe 100%/Produkt 12"}
{"name": "Produkt 9", "url": "https://zakupy.biedronka.pl/vital-fresh-vital-fresh-sok-pomarancza-grejpfrut-pitaja-100-1-l-0000008853.html", "title": "Vital Fresh Sok pomarańcza grejpfrut pitaja 100 % 1 l", "brand": "Vital Fresh", "price": "11.99 PLN", "packaging_details": "1l- 11,99 zł / l", "description_sections": [{"header": "Opis produktu", "content": "100 ml soku zawiera ilość witaminy, która pomaga w prawidłowym funkcjonowaniu układu odpornościowego. Ważny jest zrównoważony sposób żywienia i zdrowy tryb życia. Smak i barwa soku mogą się różnić w zależności od odmian, stopnia dojrzałości i pory zbiorów owoców.Nutriscore:C"}, {"header": "Składniki i alergeny", "content": "Składniki:sok z pomarańczy (70%), sok z czerwonego grejpfruta (25%), przecier z owoców pitai (5%)Inne informacje o zawartości produktu:Zawiera surowce GMO:Nie, \n\nPoziom znakowania Nutriscore:C, \n\nDodatkowe informacje na temat produktu:Osad na dnie opakowania jest zjawiskiem naturalnym."}, {"header": "Wartość odżywcza", "content": "W 100 mlWartość energetyczna kcal43 kcalZawartość tłuszczów (ogólnie)0 gKwasy tłuszczowe nasycone0 gZawartość węglowodanów8.7 gCukry8.7 gZawartość błonnika0 gZawartość białek0.7 gZawartość soli0 gWitaminy i składniki mineralnew 100 ml% RWS w 100 mlWitamina C12 mg0%Witamina C (%RWS)15 %RWS0%"}, {"header": "Przechowywanie i sposób przygotowania", "content": "Sposób podania:Przed otwarciem wstrząsnąć."}, {"header": "Pozostałe informacje", "content": "Producent:Jeronimo Martins Polska S.A.Dystrybutor:Jeronimo Martins Polska S.A.Żniwna 5 62-025 KostrzynImporter:Jeronimo Martins Polska S.A.Żniwna 5 62-025 Kostrzyn PLNazwa wymagana prawnie:Sok z pomarańczy, grejpfrutów i pitai. Mętny. Bezpośrednio wyciskany. Pasteryzowany. Nie z soku zagęszczonego."}], "images": ["data/images/3c1a7b7bc8d579e999b47a7f745456d8.jpg", "data/images/0f8a319759231eaf1f3d2302166e962a.jpg", "data/images/61944346f3e99877ecbe04da93955147.jpg"], "absolute_path": "Napoje/Soki/Soki owocowe 100%/Produkt 9"}
{"name": "Produkt 1", "url": "https://zakupy.biedronka.pl/vital-fresh-vital-fresh-sok-marchew-bezposrednio-tloczony-330-ml-0000010822.html", "title": "Vital Fresh Sok marchew bezpośrednio tłoczony 330 ml", "brand": "Vital Fresh", "price": "3.65 PLN", "packaging_details": "0.33l- 11,06 zł / l", "description_sections": [{"header": "Opis produktu", "content": "Nutriscore:B"}, {"header": "Składniki i alergeny", "content": "Składniki:sok z marchwi 100%Inne informacje o zawartości produktu:Zawiera surowce GMO:Nie, \n\nPoziom znakowania Nutriscore:B"}, {"header": "Wartość odżywcza", "content": "W 100 mlWartość energetyczna kcal32 kcalZawartość tłuszczów (ogólnie)0 gKwasy tłuszczowe nasycone0 gZawartość węglowodanów6.4 gCukry6.4 gZawartość błonnika1.1 gZawartość białek0.6 gZawartość soli0.11 gWitaminy i składniki mineralnew 100 ml% RWS w 100 mlWitamina A1666 μg208%"}, {"header": "Pozostałe informacje", "content": "Dystrybutor:Jeronimo Martins Polska S.A.Żniwna 5 62-025 Kostrzyn PLImporter:Jeronimo Martins Polska S.A.Żniwna 5 62-025 Kostrzyn PLNazwa wymagana prawnie:Sok z marchwi. Bezpośrednio tłoczony, nie z koncentratu. Pasteryzowany."}], "images": ["data/images/1b459b37516c5e6c77e2f9c080ec0cda.jpg"], "absolute_path": "Napoje/Soki/Soki świeże/Produkt 1"}
{"name": "Produkt 2", "url": "https://zakupy.biedronka.pl/vital-fresh-vital-fresh-sok-wyciskany-z-hiszpanskich-pomaranczy-100-z-czastkami-miazszu-1-l-0000001677.html", "title": "Vital Fresh Sok wyciskany z hiszpańskich pomarańczy 100 % z cząstkami miąższu 1 l", "brand": "Vital Fresh", "price": "10.49 PLN", "packaging_details": "1l- 10,49 zł / l", "description_sections": [{"header": "Opis produktu", "content": "Hiszpańskie pomarańcze są uprawiane do momentu pełnej dojrzałości. W ciągu 24 godzin od zerwania z drzewa trafiają do wyciskarek. Otrzymany świeży sok jest poddany obróbce termicznej i butelkowany.Nutriscore:C"}, {"header": "Składniki i alergeny", "content": "Składniki:100% sok pomarańczowy bezpośredni z miąższem.Inne informacje o zawartości produktu:Zawiera surowce GMO:Nie, \n\nPoziom znakowania Nutriscore:C"}, {"header": "Wartość odżywcza", "content": "W 100 mlWartość energetyczna kcal43 kcalZawartość tłuszczów (ogólnie)0.1 gKwasy tłuszczowe nasycone0 gZawartość węglowodanów10 gCukry10 gZawartość błonnika0.2 gZawartość białek0.6 gZawartość soli0.01 gWitaminy i składniki mineralnew 100 ml% RWS w 100 mlWitamina C30 mg37.5%"}, {"header": "Przechowywanie i sposób przygotowania", "content": "Sposób podania:Przed otwarciem wstrząsnąć."}, {"header": "Pozostałe informacje", "content": "Kraj pochodzenia:HiszpaniaKraj pochodzenia zależy od konkretnej partii produktu jaka znajduje się w sklepie. Informację o kraju pochodzenia znajdziesz na opakowaniu. Możesz również dodać komentarz z preferowanym typem produktu w koszyku lub wiadomości dla shoppera (np. “prosze o pomidory polskie”).Nazwa wymagana prawnie:100% sok pomarańczowy z cząstkami miąższu"}], "images": ["data/images/a727c6fd36c2119a7108646e4155ca08.jpg", "data/images/7aac7b225ff6a54024e4819c0535c9e9.jpg"], "absolute_path": "Napoje/Soki/Soki świeże/Produkt 2"}
{"name": "Produkt 5", "url": "https://zakupy.biedronka.pl/vital-fresh-vital-fresh-smoothie-kokos-ananas-banan-pomarancza-750-ml-0000005813.html", "title": "Vital Fresh Smoothie kokos ananas banan pomarańcza 750 ml", "brand": "Vital Fresh", "price": "6.99 PLN", "packaging_details": "0.75l- 9,32 zł / l", "description_sections": [{"header": "Składniki i alergeny", "content": "Składniki:sok ananasowy (39%), przecier bananowy (36%), sok jabłkowy (13%), przecier kokosowy (7%), sok pomarańczowy (4%), miąższ z cytryny (1%).Inne informacje o zawartości produktu:Zawiera surowce GMO:Nie"}, {"header": "Wartość odżywcza", "content": "W 100 mlWartość energetyczna kcal71 kcalZawartość tłuszczów (ogólnie)1.1 gKwasy tłuszczowe nasycone0.9 gZawartość węglowodanów14 gCukry12 gZawartość błonnika1 gZawartość białek0.7 gZawartość soli0.01 gWitaminy i składniki mineralnew 100 ml% RWS w 100 mlPotas150 mg0%Potas (%RWS)7.5 %RWS0%"}, {"header": "Przechowywanie i sposób przygotowania", "content": "Sposób podania:Przed otwarciem wstrząsnąć."}, {"header": "Pozostałe informacje", "content": "Producent:JGC S.A.Dystrybutor:Jeronimo Martins Polska S.A.Żniwna 5 62-025 KostrzynImporter:Jeronimo Martins Polska S.A.Żniwna 5 62-025 Kostrzyn PLNazwa wymagana prawnie:Napój wieloowocowy z dodatkiem przecieru kokosowego i miąższu z cytryny. Częściowo z przecieru. Nie z koncentratu. Pasteryzowany. Źródło potasu."}], "images": ["data/images/131574102cd11704763be34840418d82.jpg", "data/images/3fd5c901bde038c9d3f81fd10832e028.jpg", "data/images/8b3ff807c4aa5be903ea530f662f35d0.jpg"], "absolute_path": "Napoje/Soki/Soki świeże/Produkt 5"}
{"name": "Produkt 3", "url": "https://zakupy.biedronka.pl/vital-fresh-vital-fresh-sok-pomaranczowy-100-1-l-0000004693.html", "title": "Vital Fresh Sok pomarańczowy 100 % 1 l", "brand": "Vital Fresh", "price": "9.99 PLN", "packaging_details": "1l- 9,99 zł / l", "description_sections": [{"header": "Opis produktu", "content": "100 ml soku zawiera ilość witaminy C, która pomaga w prawidłowym funkcjonowaniu układu odpornościowego. Ważny jest zrównoważony sposób żywienia i zdrowy tryb życia. Smak i barwa mogą się różnić w zależności od odmian, stopnia dojrzałości i pory zbioru owoców."}, {"header": "Składniki i alergeny", "content": "Składniki:sok pomarańczowyInne informacje o zawartości produktu:Zawiera surowce GMO:Nie, \n\nDodatkowe informacje na temat produktu:Mętny. Bezpośrednio wyciskany. Nie z soku zagęszczonego. Osad na dnie jest zjawiskiem naturalnym."}, {"header": "Wartość odżywcza", "content": "W 100 mlWartość energetyczna kcal43 kcalZawartość tłuszczów (ogólnie)0 gKwasy tłuszczowe nasycone0 gZawartość węglowodanów8.9 gCukry8.9 gZawartość błonnika0 gZawartość białek0.7 gZawartość soli0 gWitaminy i składniki mineralnew 100 ml% RWS w 100 mlWitamina C20 mg0%Witamina C (%RWS)25 %RWS0%"}, {"header": "Pozostałe informacje", "content": "Producent:BEWA Sp. z o.o.Dystrybutor:Jeronimo Martins Polska S.A.Żniwna 5 62-025 KostrzynImporter:Jeronimo Martins Polska S.A.Żniwna 5 62-025 Kostrzyn PLNazwa wymagana prawnie:Sok pomarańczowy z brazylijskich pomarańczy"}], "images": ["data/images/4859d92b2cf6913cb7e4f23e7fbd06dc.jpg", "data/images/826d39d2321fae1d5d85b1e7e2258b66.jpg", "data/images/32c7322efb57e9aa94f5a2080ef0fe96.jpg"], "absolute_path": "Napoje/Soki/Soki świeże/Produkt 3"}
{"name": "Produkt 4", "url": "https://zakupy.biedronka.pl/vital-fresh-vital-fresh-smoothie-mango-jablko-banan-marakuja-750-ml-0000005490.html", "title": "Vital Fresh Smoothie mango jabłko banan marakuja 750 ml", "brand": "Vital Fresh", "price": "6.99 PLN", "packaging_details": "0.75l- 9,32 zł / l", "description_sections": [{"header": "Składniki i alergeny", "content": "Składniki:sok bezpośrednio wyciskany z jabłek (52%), przecier z owoców mango (16%), przecier bananowy (15%), sok bezpośrednio wyciskany z pomarańczy (10%), sok bezpośrednio wyciskany z marakui (4%), przecier brzoskwiniowy (2%), sok bezpośrednio wyciskany z cytryn (1%).Inne informacje o zawartości produktu:Zawiera surowce GMO:Nie"}, {"header": "Wartość odżywcza", "content": "W 100 mlWartość energetyczna kcal54 kcalZawartość tłuszczów (ogólnie)0 gKwasy tłuszczowe nasycone0 gZawartość węglowodanów12.4 gCukry12.4 gZawartość błonnika1 gZawartość białek0.6 gZawartość soli0.01 g"}, {"header": "Przechowywanie i sposób przygotowania", "content": "Sposób podania:Przed otwarciem wstrząsnąć."}, {"header": "Pozostałe informacje", "content": "Dystrybutor:Jeronimo Martins Polska S.A.Żniwna 5 62-025 KostrzynNazwa wymagana prawnie:Sok wieloowocowy, nie z koncentratu bezpośrednio wyciskany z owoców: jabłek, pomarańczy, marakui i cytryn z przecierami z mango, bananów i brzoskwini. Produkt pasteryzowany.  Źródło błonnika pokarmowego."}], "images": ["data/images/2b0162fcf489eeed33473726150b41d9.jpg", "data/images/61432221c89b7b784e8c0c29984cdb4d.jpg", "data/images/e7a5230f8b3e6d14d8b065d451964d87.jpg"], "absolute_path": "Napoje/Soki/Soki świeże/Produkt 4"}
{"name": "Produkt 2", "url": "https://zakupy.biedronka.pl/dawtona-dawtona-sok-z-pomidora-klasyczny-300-ml-0000009678.html", "title": "Dawtona Sok z pomidora klasyczny 300 ml", "brand": "Dawtona", "price": "1.99 PLN", "packaging_details": "0.3l- 6,63 zł / l", "description_sections": [{"header": "Składniki i alergeny", "content": "Składniki:sok pomidorowy odtworzony z zagęszczonego soku pomidorowego (99,5 %),sól"}, {"header": "Wartość odżywcza", "content": "W 100 mlWartość energetyczna19 kcalTłuszcz0 gw tym kwasy tłuszczowe nasycone0 gWęglowodany3.1 gw tym cukry3.1 gBłonnik1.2 gBiałko1 gSól0.41 gWitaminy i składniki mineralnew 100  ml% RWS w 100  mlPotas244 mg37%"}, {"header": "Przechowywanie i sposób przygotowania", "content": "Sposób podania:Rozwarstwienie soku jest zjawiskiem naturalnym i nie stanowi wady produktu.Wstrząśnij przed otwarciem"}, {"header": "Pozostałe informacje", "content": "Kraj pochodzenia:PolandKraj pochodzenia zależy od konkretnej partii produktu jaka znajduje się w sklepie. Informację o kraju pochodzenia znajdziesz na opakowaniu. Możesz również dodać komentarz z preferowanym typem produktu w koszyku lub wiadomości dla shoppera (np. “prosze o pomidory polskie”).Producent:Dawtona Sp. z o.o.\nul. Bieniewicka 52\n05-870 Błonie\nwww.dawtona.plNazwa wymagana prawnie:Sok pomidorowy z zagęszczonego soku. Produkt pasteryzowany."}], "images": ["data/images/e05e56fed30fb631f978222b905cb39c.jpg"], "absolute_path": "Napoje/Soki/Soczki/Produkt 2"}
{"name": "Produkt 6", "url": "https://zakupy.biedronka.pl/riviva-riviva-sok-100-pomidor-300-ml-0000010657.html", "title": "Riviva Sok 100 % pomidor 300 ml", "brand": "Riviva", "price": "1.99 PLN", "packaging_details": "0.3l- 6,63 zł / l", "description_sections": [{"header": "Opis produktu", "content": "Nutriscore:B"}, {"header": "Składniki i alergeny", "content": "Składniki:sok pomidorowy z zagęszczonego soku pomidorowego (99,5%), sól morska (0,5%)"}, {"header": "Pozostałe informacje", "content": "Nazwa wymagana prawnie:Sok pomidorowy z zagęszczonego soku pomidorowego z dodatkiem soli morskiej. Pasteryzowany. Źródło potasu."}], "images": ["data/images/e0daee3dcd2a336b1a751687e91aa45e.jpg"], "absolute_path": "Napoje/Soki/Soki świeże/Produkt 6"}
{"name": "Produkt 1", "url": "https://zakupy.biedronka.pl/owolovo-owolovo-mus-jablkowo-malinowy-200-g-0000019974.html", "title": "Owolovo Mus jabłkowo-malinowy 200 g", "brand": "Owolovo", "price": "3.55 PLN", "packaging_details": "0.2kg- 17,75 zł / kg", "description_sections": [{"header": "Opis produktu", "content": "MUS OWOCOWY MALINOWO 200g | PREMIUM OWOLOVOOWOLOVO Mus owocowySkosztuj słodkiego połączenia jabłek i cudownej maliny. Wyjątkowy smak, który pozytywnie Cię zaskoczy. Postaw na 100 % polskich owoców!Mus jabłkowo-malinowy. Produkt pasteryzowany.Bez dodatku cukru - zawiera naturalnie występujące cukry."}, {"header": "Składniki i alergeny", "content": "Składniki:przecier z jabłek 89 % przecier z malin 11 %"}, {"header": "Pozostałe informacje", "content": "Kraj pochodzenia:PolskaKraj pochodzenia zależy od konkretnej partii produktu jaka znajduje się w sklepie. Informację o kraju pochodzenia znajdziesz na opakowaniu. Możesz również dodać komentarz z preferowanym typem produktu w koszyku lub wiadomości dla shoppera (np. “prosze o pomidory polskie”).Nazwa wymagana prawnie:Mus jabłkowo-malinowy. Produkt pasteryzowany. Bez dodatku cukrów - zawiera naturalnie występujące cukry."}], "images": ["data/images/940d18ba8a41b324eb1bfe1855da955d.jpg"], "absolute_path": "Napoje/Soki/Soczki/Produkt 1"}
{"name": "Produkt 8", "url": "https://zakupy.biedronka.pl/vital-fresh-vital-fresh-smoothie-jezyna-jablko-malina-czarna-porzeczka-750-ml-0000005432.html", "title": "Vital Fresh Smoothie jeżyna, jabłko, malina, czarna porzeczka 750 ml", "brand": "Vital Fresh", "price": "6.99 PLN", "packaging_details": "0.75l- 9,32 zł / l", "description_sections": [{"header": "Składniki i alergeny", "content": "Składniki:sok bezpośredni z jabłek (39%), przecier bananowy (20%), sok bezpośredni z winogron (10%), przecier truskawkowy (9%), przecier jeżynowy (8%), przecier malinowy (7%), cząstki miąższu pomarańczy (5%), przecier z czarnych porzeczek (2%)."}, {"header": "Przechowywanie i sposób przygotowania", "content": "Sposób podania:Przed otwarciem wstrząsnąć."}, {"header": "Pozostałe informacje", "content": "Nazwa wymagana prawnie:Sok wieloowocowy, nie z koncentratu, bezpośrednio wyciskany z owoców: jabłek, bananów, winogron, truskawek, jeżyn, malin, z cząstkami miąższu pomarańczy, czarnych porzeczek, pasteryzowany. Źródło błonnika pokarmowego."}], "images": ["data/images/f8bf3b82622361ac9b600159cee4417c.jpg"], "absolute_path": "Napoje/Soki/Soki świeże/Produkt 8"}
{"name": "Produkt 7", "url": "https://zakupy.biedronka.pl/riviva-riviva-sok-100-pomidorowo-warzywny-300-ml-0000010658.html", "title": "Riviva Sok 100 % pomidorowo-warzywny 300 ml", "brand": "Riviva", "price": "1.99 PLN", "packaging_details": "0.3l- 6,63 zł / l", "description_sections": [{"header": "Opis produktu", "content": "Nutriscore:B"}, {"header": "Składniki i alergeny", "content": "Składniki:sok pomidorowy z zagęszczonego soku pomidorowego (64%), przeciery z: marchwi (14%),selera(8%), cebuli, pietruszki, papryki (0,1%); sok z buraków ćwikłowych z zagęszczonego soku z buraków ćwikłowych (2%), przyprawy, sól"}, {"header": "Pozostałe informacje", "content": "Nazwa wymagana prawnie:Sok pomidorowo-warzywny z dodatkiem soli i przypraw. Częściowo z soków zagęszczonych. Pasteryzowany."}], "images": ["data/images/9977833df787d2d208de911b816f22df.jpg"], "absolute_path": "Napoje/Soki/Soki świeże/Produkt 7"}
{"name": "Produkt 6", "url": "https://zakupy.biedronka.pl/dawtona-dawtona-sok-z-pomidora-pikantny-300-ml-0000009679.html", "title": "Dawtona Sok z pomidora pikantny 300 ml", "brand": "Dawtona", "price": "1.99 PLN", "packaging_details": "0.3l- 6,63 zł / l", "description_sections": [{"header": "Składniki i alergeny", "content": "Składniki:sok pomidorowy odtworzony z zagęszczonego soku,pomidorowego (99,5 %),sól,przyprawy (chili, pieprz czarny, bazylia)"}, {"header": "Wartość odżywcza", "content": "W 100 mlWartość energetyczna19 kcalTłuszcz0 gw tym kwasy tłuszczowe nasycone0 gWęglowodany3.1 gw tym cukry3.1 gBłonnik1.2 gBiałko1 gSól0.41 gWitaminy i składniki mineralnew 100  ml% RWS w 100  mlPotas244 mg37%"}, {"header": "Przechowywanie i sposób przygotowania", "content": "Sposób podania:Wstrząśnij przed otwarciem. Rozwarstwienie soku jest zjawiskiem naturalnym i nie stanowi wady produktu."}, {"header": "Pozostałe informacje", "content": "Kraj pochodzenia:PolandKraj pochodzenia zależy od konkretnej partii produktu jaka znajduje się w sklepie. Informację o kraju pochodzenia znajdziesz na opakowaniu. Możesz również dodać komentarz z preferowanym typem produktu w koszyku lub wiadomości dla shoppera (np. “prosze o pomidory polskie”).Producent:Dawtona Sp. z o.o.\nul. Bieniewicka 52\n05-870 Błonie\nwww.dawtona.plNazwa wymagana prawnie:Sok pomidorowy pikantny z zagęszczonego soku. Produkt pasteryzowany."}], "images": ["data/images/bada70e2cb373b240d78ed554759d71b.jpg"], "absolute_path": "Napoje/Soki/Soczki/Produkt 6"}
{"name": "Produkt 4", "url": "https://zakupy.biedronka.pl/dawtona-dawtona-mus-truskawki-jablka-180-g-0000021496.html", "title": "Dawtona Mus truskawki jabłka 180 g", "brand": "Dawtona", "price": "2.99 PLN", "packaging_details": "0.18kg- 16,61 zł / szt", "description_sections": [{"header": "Opis produktu", "content": "Dawtona- jeden z liderów na rynku przetwórstwa owocowo-warzywnego na polskim rynku"}, {"header": "Składniki i alergeny", "content": "Składniki:Przecier Jabłkowy (87%), Przecier Truskawkowy (13%)Inne informacje o zawartości produktu:Zawiera surowce GMO:Nie"}, {"header": "Wartość odżywcza", "content": "W 100 gWartość energetyczna kcal48 kcalZawartość tłuszczów (ogólnie)0.4 gKwasy tłuszczowe nasycone0 gZawartość węglowodanów9.4 gCukry9 gZawartość błonnika2 gZawartość białek0.5 gZawartość soli0 g"}, {"header": "Pozostałe informacje", "content": "Kraj pochodzenia:PolskaKraj pochodzenia zależy od konkretnej partii produktu jaka znajduje się w sklepie. Informację o kraju pochodzenia znajdziesz na opakowaniu. Możesz również dodać komentarz z preferowanym typem produktu w koszyku lub wiadomości dla shoppera (np. “prosze o pomidory polskie”).Importer:Dawtona Sp. z o. o.Bieniewicka 52 05-870 Błonie PLdawtona@dawtona.plNazwa wymagana prawnie:Mus owocowy. Produkt pasteryzowany"}], "images": ["data/images/eec773d4310733b7c3fb935cef9093a4.jpg"], "absolute_path": "Napoje/Soki/Soczki/Produkt 4"}
{"name": "Produkt 5", "url": "https://zakupy.biedronka.pl/dawtona-dawtona-mus-maliny-jablka-180-g-0000021498.html", "title": "Dawtona Mus maliny jabłka 180 g", "brand": "Dawtona", "price": "2.99 PLN", "packaging_details": "0.18kg- 16,61 zł / szt", "description_sections": [{"header": "Opis produktu", "content": "Dawtona- jeden z liderów na rynku przetwórstwa owocowo-warzywnego na polskim rynku"}, {"header": "Składniki i alergeny", "content": "Składniki:Przecier Jabłkowy (86%), Przecier Malinowy (14%)Inne informacje o zawartości produktu:Zawiera surowce GMO:Nie"}, {"header": "Wartość odżywcza", "content": "W 100 gWartość energetyczna kcal50 kcalZawartość tłuszczów (ogólnie)0 gKwasy tłuszczowe nasycone0 gZawartość węglowodanów9.4 gCukry9 gZawartość błonnika2.7 gZawartość białek0.5 gZawartość soli0 g"}, {"header": "Pozostałe informacje", "content": "Kraj pochodzenia:PolskaKraj pochodzenia zależy od konkretnej partii produktu jaka znajduje się w sklepie. Informację o kraju pochodzenia znajdziesz na opakowaniu. Możesz również dodać komentarz z preferowanym typem produktu w koszyku lub wiadomości dla shoppera (np. “prosze o pomidory polskie”).Importer:Dawtona Sp. z o. o.Bieniewicka 52 05-870 Błonie PLdawtona@dawtona.plNazwa wymagana prawnie:Mus owocowy. Produkt pasteryzowany"}], "images": ["data/images/17871121402ff3b853573d530b66ebd1.jpg"], "absolute_path": "Napoje/Soki/Soczki/Produkt 5"}
{"name": "Produkt 7", "url": "https://zakupy.biedronka.pl/dawtona-dawtona-mus-morele-jablka-180-g-0000021497.html", "title": "Dawtona Mus morele jabłka 180 g", "brand": "Dawtona", "price": "2.99 PLN", "packaging_details": "0.18kg- 16,61 zł / szt", "description_sections": [{"header": "Opis produktu", "content": "Dawtona- jeden z liderów na rynku przetwórstwa owocowo-warzywnego na polskim rynku"}, {"header": "Składniki i alergeny", "content": "Składniki:Przecier jabłkowy (82%) Przecier morelowy (18%)Inne informacje o zawartości produktu:Zawiera surowce GMO:Nie"}, {"header": "Wartość odżywcza", "content": "W 100 gWartość energetyczna kcal51 kcalZawartość tłuszczów (ogólnie)0 gKwasy tłuszczowe nasycone0 gZawartość węglowodanów10 gCukry9.4 gZawartość błonnika1.9 gZawartość białek0.5 gZawartość soli0 g"}, {"header": "Pozostałe informacje", "content": "Kraj pochodzenia:PolskaKraj pochodzenia zależy od konkretnej partii produktu jaka znajduje się w sklepie. Informację o kraju pochodzenia znajdziesz na opakowaniu. Możesz również dodać komentarz z preferowanym typem produktu w koszyku lub wiadomości dla shoppera (np. “prosze o pomidory polskie”).Importer:Dawtona Sp. z o. o.Bieniewicka 52 05-870 Błonie PLdawtona@dawtona.plNazwa wymagana prawnie:Mus owocowy. Produkt pasteryzowany"}], "images": ["data/images/bfe6c3c751f0cd2b713b253d14890383.jpg"], "absolute_path": "Napoje/Soki/Soczki/Produkt 7"}
{"name": "Produkt 3", "url": "https://zakupy.biedronka.pl/owolovo-owolovo-mus-jablkowo-truskawkowy-200-g-0000007848.html", "title": "Owolovo Mus jabłkowo-truskawkowy 200 g", "brand": "Owolovo", "price": "3.55 PLN", "packaging_details": "0.2kg- 17,75 zł / kg", "description_sections": [{"header": "Opis produktu", "content": "TRUSKAWKOWOMUS JABŁKOWO-TRUSKAWKOWYSpecjalnie dla Ciebie wszystko to, co najlepsze z polskich owoców! Spróbuj połączenia pysznych jabłek z truskawką – 100% zdrowia. Bez sztucznych dodatków! Jak mus to mus!Mus jabłkowo-truskawkowy. Produkt pasteryzowany.Bez dodatku cukru - zawiera naturalnie występujące cukry."}, {"header": "Składniki i alergeny", "content": "Składniki:Skład: 83% przecier z jabłek, 17% przecier z truskawek"}, {"header": "Pozostałe informacje", "content": "Kraj pochodzenia:PolskaKraj pochodzenia zależy od konkretnej partii produktu jaka znajduje się w sklepie. Informację o kraju pochodzenia znajdziesz na opakowaniu. Możesz również dodać komentarz z preferowanym typem produktu w koszyku lub wiadomości dla shoppera (np. “prosze o pomidory polskie”).Nazwa wymagana prawnie:Mus jabłkowo-truskawkowy. Produkt pasteryzowany. Bez dodatku cukru - zawiera naturalnie występujące cukry."}], "images": ["data/images/ac418097d2c9bf89adddafdef2f88d6b.jpg"], "absolute_path": "Napoje/Soki/Soczki/Produkt 3"}
{"name": "Produkt 9", "url": "https://zakupy.biedronka.pl/dawtona-dawtona-sok-z-buraka-z-jablkiem-300-ml-0000009680.html", "title": "Dawtona Sok z buraka z jabłkiem 300 ml", "brand": "Dawtona", "price": "1.99 PLN", "packaging_details": "0.3l- 6,63 zł / l", "description_sections": [{"header": "Składniki i alergeny", "content": "Składniki:soki odtworzone z zagęszczonych soków i przeciery z: buraków ćwikłowych (87 %), jabłek (10 %),seleranaciowego, cytryn, imbiru, czosnku,sól,przyprawyAlergeny:Zawiera Seler"}, {"header": "Wartość odżywcza", "content": "W 100 mlWartość energetyczna32 kcalTłuszcz0 gw tym kwasy tłuszczowe nasycone0 gWęglowodany7 gw tym cukry7 gBłonnik0.5 gBiałko0.7 gSól0.48 gWitaminy i składniki mineralnew 100  ml% RWS w 100  mlPotas226 mg34%"}, {"header": "Przechowywanie i sposób przygotowania", "content": "Sposób podania:Miąższ z warzyw i owoców może powodować naturalne rozwarstwienie soku.Wstrząśnij przed otwarciem"}, {"header": "Pozostałe informacje", "content": "Kraj pochodzenia:PolandKraj pochodzenia zależy od konkretnej partii produktu jaka znajduje się w sklepie. Informację o kraju pochodzenia znajdziesz na opakowaniu. Możesz również dodać komentarz z preferowanym typem produktu w koszyku lub wiadomości dla shoppera (np. “prosze o pomidory polskie”).Producent:Dawtona Sp. z o.o.\nul. Bieniewicka 52\n05-870 Błonie\nwww.dawtona.plNazwa wymagana prawnie:Sok z buraków z jabłkiem z częściowo zagęszczonych soków. Produkt pasteryzowany."}], "images": ["data/images/ea407a325be11f8a351ee6be0656eafd.jpg"], "absolute_path": "Napoje/Soki/Soczki/Produkt 9"}
{"name": "Produkt 11", "url": "https://zakupy.biedronka.pl/kubus-kubus-mus-jablko-200-g-0000016969.html", "title": "Kubuś Mus jabłko 200 g", "brand": "Kubuś", "price": "3.49 PLN", "packaging_details": "0.2kg- 17,45 zł / kg", "description_sections": [{"header": "Opis produktu", "content": "Super prosty skład na bazie duo-smaków. Tylko przeciery owocowe. Bez dodatku cukru. Bez aromatów."}, {"header": "Składniki i alergeny", "content": "Składniki:przecier z jabłek (100%)Inne informacje o zawartości produktu:Zawiera surowce GMO:Nie, \n\nOsłonka niejadalna:Nie, \n\nInformacje szczegółowe dotyczące środków słodzących:Nie, \n\nZawiera lukrecję:Nie, \n\nZawiera chininę:Nie, \n\nZawiera taurynę:Nie, \n\nZawiera przeciwutleniacze:Nie, \n\nZawiera wzmacniacze smaku:Nie, \n\nZawiera fosforany:Nie, \n\nZawiera siarczyny:Nie, \n\nZawiera barwniki:Nie, \n\nZawiera aromaty:Nie, \n\nZawiera substancje konserwujące:Nie, \n\nZawiera kofeinę:Nie, \n\nŚrodki spozywcze z dodatkiem fitosteroli, estrów fitosteroli, fitostanoli lub estrów fitostanoli:Nie"}, {"header": "Wartość odżywcza", "content": "W 100 gWartość energetyczna kcal49 kcalZawartość tłuszczów (ogólnie)0.5 gKwasy tłuszczowe nasycone0.1 gZawartość węglowodanów10 gCukry9.8 gZawartość błonnika2 gZawartość białek0.5 gZawartość soli0 g"}, {"header": "Pozostałe informacje", "content": "Kraj pochodzenia:PolskaKraj pochodzenia zależy od konkretnej partii produktu jaka znajduje się w sklepie. Informację o kraju pochodzenia znajdziesz na opakowaniu. Możesz również dodać komentarz z preferowanym typem produktu w koszyku lub wiadomości dla shoppera (np. “prosze o pomidory polskie”).Producent:MWS Sp. z o.o.\nul. Strefowa 13\n43-100 TychyDystrybutor:MWS Sp. z o.o.Strefowa 13 43-100 Tychymaspex@maspex.comNazwa wymagana prawnie:Mus jabłkowy. Pasteryzowany. Bez dodatku cukrów. Zawiera naturalnie występujące cukry."}], "images": ["data/images/608f48a626a942be29075f2e702895b8.jpg"], "absolute_path": "Napoje/Soki/Soczki/Produkt 11"}
{"name": "Produkt 12", "url": "https://zakupy.biedronka.pl/kubus-kubus-mus-brzoskwinia-jablko-200-g-0000016967.html", "title": "Kubuś Mus brzoskwinia jabłko 200 g", "brand": "Kubuś", "price": "3.49 PLN", "packaging_details": "0.2kg- 17,45 zł / kg", "description_sections": [{"header": "Opis produktu", "content": "Super prosty skład na bazie duo-smaków. Tylko przeciery owocowe. Bez dodatku cukru. Bez aromatów."}, {"header": "Składniki i alergeny", "content": "Składniki:przeciery z: jabłek (75%) i brzoskwiń (25%)Inne informacje o zawartości produktu:Zawiera surowce GMO:Nie, \n\nOsłonka niejadalna:Nie, \n\nInformacje szczegółowe dotyczące środków słodzących:Nie, \n\nZawiera lukrecję:Nie, \n\nZawiera chininę:Nie, \n\nZawiera taurynę:Nie, \n\nZawiera przeciwutleniacze:Nie, \n\nZawiera wzmacniacze smaku:Nie, \n\nZawiera fosforany:Nie, \n\nZawiera siarczyny:Nie, \n\nZawiera barwniki:Nie, \n\nZawiera aromaty:Nie, \n\nZawiera substancje konserwujące:Nie, \n\nZawiera kofeinę:Nie, \n\nŚrodki spozywcze z dodatkiem fitosteroli, estrów fitosteroli, fitostanoli lub estrów fitostanoli:Nie"}, {"header": "Wartość odżywcza", "content": "W 100 gWartość energetyczna kcal50 kcalZawartość tłuszczów (ogólnie)0.5 gKwasy tłuszczowe nasycone0.1 gZawartość węglowodanów10 gCukry9.9 gZawartość błonnika2 gZawartość białek0.6 gZawartość soli0.01 g"}, {"header": "Pozostałe informacje", "content": "Kraj pochodzenia:PolskaKraj pochodzenia zależy od konkretnej partii produktu jaka znajduje się w sklepie. Informację o kraju pochodzenia znajdziesz na opakowaniu. Możesz również dodać komentarz z preferowanym typem produktu w koszyku lub wiadomości dla shoppera (np. “prosze o pomidory polskie”).Producent:MWS Sp. z o.o.\nul. Strefowa 13\n43-100 TychyDystrybutor:MWS Sp. z o.o.Strefowa 13 43-100 Tychymaspex@maspex.comNazwa wymagana prawnie:Mus jabłko - brzoskwinia. Pasteryzowany. Bez dodatku cukrów. Zawiera naturalnie występujące cukry."}], "images": ["data/images/b35cd0f33692c0583bbc2e4f817074fd.jpg"], "absolute_path": "Napoje/Soki/Soczki/Produkt 12"}
{"name": "Produkt 8", "url": "https://zakupy.biedronka.pl/tymbark-tymbark-mus-jablko-arbuz-aronia-200-g-0000803937.html", "title": "Tymbark Mus jabłko arbuz aronia 200 g", "brand": "Tymbark", "price": "3.59 PLN", "packaging_details": "0.2kg- 17,95 zł / kg", "description_sections": [{"header": "Opis produktu", "content": "Prosty skład2 z 5 porcji owoców i warzywNaturalne źródło błonnikaŹródło błonnika."}, {"header": "Składniki i alergeny", "content": "Składniki:przecier z jabłek (86 %),soki z zagęszczonych soków z: arbuza (10 %), aronii (3,5 %) i jabłek,aromatInne informacje o zawartości produktu:Smaki / Aromaty:Zawiera"}, {"header": "Wartość odżywcza", "content": "W 100 gWartość energetyczna54 kcalTłuszcz0.5 gw tym kwasy tłuszczowe nasycone0.1 gWęglowodany11 gw tym cukry11 gBłonnik1.8 gBiałko0.5 gSól0.01 g"}, {"header": "Przechowywanie i sposób przygotowania", "content": "Sposób podania:Spożyj bezpośrednio po otwarciu."}, {"header": "Pozostałe informacje", "content": "Producent:MWS Sp. z o.o.,\nul. Strefowa 13,\n43-100 TychyDystrybutor:Jeronimo Martins Polska S.A.Żniwna 5 62-025 Kostrzyn PLImporter:Jeronimo Martins Polska S.A.Żniwna 5 62-025 Kostrzyn PLNazwa wymagana prawnie:Mus wieloowocowy. Pasteryzowany. Bez dodatku cukrów. Zawiera naturalnie występujące cukry."}], "images": ["data/images/0441bf0e9de174cfede3397b030d8006.jpg"], "absolute_path": "Napoje/Soki/Soczki/Produkt 8"}
{"name": "Produkt 10", "url": "https://zakupy.biedronka.pl/tymbark-tymbark-mus-jablko-banan-truskawka-marchew-200-g-0000803935.html", "title": "Tymbark Mus jabłko banan truskawka marchew 200 g", "brand": "Tymbark", "price": "3.59 PLN", "packaging_details": "0.2kg- 17,95 zł / kg", "description_sections": [{"header": "Opis produktu", "content": "Prosty skład2 z 5 porcji owoców i warzywNaturalne źródło błonnikaBez dodatku cukrów. Zawiera naturalnie występujące cukry."}, {"header": "Składniki i alergeny", "content": "Składniki:przeciery z: jabłek (39 %), bananów (30 %), truskawek (26 %), marchwi (5%)"}, {"header": "Wartość odżywcza", "content": "W 100 gWartość energetyczna58 kcalTłuszcz0.5 gw tym kwasy tłuszczowe nasycone0.1 gWęglowodany12 gw tym cukry11 gBłonnik1.4 gBiałko0.7 gSól0.01 g"}, {"header": "Przechowywanie i sposób przygotowania", "content": "Sposób podania:Spożyj bezpośrednio po otwarciu."}, {"header": "Pozostałe informacje", "content": "Producent:MWS Sp. z o.o.,\nul. Strefowa 13,\n43-100 TychyDystrybutor:Jeronimo Martins Polska S.A.Żniwna 5 62-025 Kostrzyn PLImporter:Jeronimo Martins Polska S.A.Żniwna 5 62-025 Kostrzyn PLNazwa wymagana prawnie:Mus z owoców i marchwi. Pasteryzowany."}], "images": ["data/images/4ea291038bb46565de998a2938adc92a.jpg", "data/images/734da3a324c636c189d7dac6a3f02752.jpg"], "absolute_path": "Napoje/Soki/Soczki/Produkt 10"}
{"name": "Produkt 15", "url": "https://zakupy.biedronka.pl/riviva-riviva-sok-100-jablko-200-ml-0000006545.html", "title": "Riviva Sok 100 % jabłko 200 ml", "brand": "Riviva", "price": "1.49 PLN", "packaging_details": "0.2l- 7,45 zł / l", "description_sections": [{"header": "Opis produktu", "content": "Nutriscore:C"}, {"header": "Składniki i alergeny", "content": "Składniki:sok jabłkowy 100% z zagęszczonego soku jabłkowego"}, {"header": "Pozostałe informacje", "content": "Nazwa wymagana prawnie:Sok jabłkowy zagęszczonego soku jabłkowego. Pasteryzowany."}], "images": ["data/images/587c927d8b317d3fe8af330c69975e17.jpg"], "absolute_path": "Napoje/Soki/Soczki/Produkt 15"}
{"name": "Produkt 17", "url": "https://zakupy.biedronka.pl/riviva-riviva-sok-100-multiwitamina-200-ml-0000006544.html", "title": "Riviva Sok 100 % multiwitamina 200 ml", "brand": "Riviva", "price": "1.49 PLN", "packaging_details": "0.2l- 7,45 zł / l", "description_sections": [{"header": "Opis produktu", "content": "Nutriscore:C"}, {"header": "Składniki i alergeny", "content": "Składniki:soki z zagęszczonych soków i przeciery 100% z: jabłek (72,2%) oraz ananasów (10,2$), pomarańczy (6%), mango (3,3%), marchwi (2%), bananów, winogron (1,3%), brzoskwiń, passiflory, liczi, limetek (0,4%), gujawy, kaktusa, kiwi (0,3%) i papai, substancje wzbogacające: witamina A,D,E, tiamina, ryboflawina, niacyna, witamina B6, kwas foliowy, witamina B12, biotyna, kwas pantotenowy"}, {"header": "Pozostałe informacje", "content": "Nazwa wymagana prawnie:Sok z owoców i marchwi z dodatkiem witamin. Pasteryzowany."}], "images": ["data/images/7cba0fbe6c46ecb2f777c77ed3e6c406.jpg"], "absolute_path": "Napoje/Soki/Soczki/Produkt 17"}
{"name": "Produkt 13", "url": "https://zakupy.biedronka.pl/kubus-kubus-mus-mango-jablko-200-g-0000016968.html", "title": "Kubuś Mus mango jabłko 200 g", "brand": "Kubuś", "price": "3.49 PLN", "packaging_details": "0.2kg- 17,45 zł / kg", "description_sections": [{"header": "Opis produktu", "content": "Super prosty skład na bazie duo-smaków. Tylko przeciery owocowe. Bez dodatku cukru. Bez aromatów."}, {"header": "Składniki i alergeny", "content": "Składniki:przeciery z: jabłek (83%) i mango (17%)Inne informacje o zawartości produktu:Zawiera surowce GMO:Nie, \n\nOsłonka niejadalna:Nie, \n\nInformacje szczegółowe dotyczące środków słodzących:Nie, \n\nZawiera lukrecję:Nie, \n\nZawiera chininę:Nie, \n\nZawiera taurynę:Nie, \n\nZawiera przeciwutleniacze:Nie, \n\nZawiera wzmacniacze smaku:Nie, \n\nZawiera fosforany:Nie, \n\nZawiera siarczyny:Nie, \n\nZawiera barwniki:Nie, \n\nZawiera aromaty:Nie, \n\nZawiera substancje konserwujące:Nie, \n\nZawiera kofeinę:Nie, \n\nŚrodki spozywcze z dodatkiem fitosteroli, estrów fitosteroli, fitostanoli lub estrów fitostanoli:Nie"}, {"header": "Wartość odżywcza", "content": "W 100 gWartość energetyczna kcal53 kcalZawartość tłuszczów (ogólnie)0.5 gKwasy tłuszczowe nasycone0.1 gZawartość węglowodanów11 gCukry11 gZawartość błonnika1.9 gZawartość białek0.5 gZawartość soli0.01 g"}, {"header": "Pozostałe informacje", "content": "Kraj pochodzenia:PolskaKraj pochodzenia zależy od konkretnej partii produktu jaka znajduje się w sklepie. Informację o kraju pochodzenia znajdziesz na opakowaniu. Możesz również dodać komentarz z preferowanym typem produktu w koszyku lub wiadomości dla shoppera (np. “prosze o pomidory polskie”).Producent:MWS Sp. z o.o.\nul. Strefowa 13\n43-100 TychyDystrybutor:MWS Sp. z o.o.Strefowa 13 43-100 Tychymaspex@maspex.comNazwa wymagana prawnie:Mus jabłko - mango. Pasteryzowany. Bez dodatku cukrów. Zawiera naturalnie występujące cukry."}], "images": ["data/images/c44b6a1902a0d810669011b25431fe4b.jpg"], "absolute_path": "Napoje/Soki/Soczki/Produkt 13"}
{"name": "Produkt 14", "url": "https://zakupy.biedronka.pl/tymbark-tymbark-mus-jablko-morela-200-g-0000803936.html", "title": "Tymbark Mus jabłko morela 200 g", "brand": "Tymbark", "price": "3.59 PLN", "packaging_details": "0.2kg- 17,95 zł / kg", "description_sections": [{"header": "Opis produktu", "content": "Prosty skład2 z 5 porcji owoców i warzywNaturalne źródło błonnikaŹródło błonnika."}, {"header": "Składniki i alergeny", "content": "Składniki:przeciery z: jabłek (85 %) i moreli (15 %)"}, {"header": "Wartość odżywcza", "content": "W 100 gWartość energetyczna50 kcalTłuszcz0.5 gw tym kwasy tłuszczowe nasycone0.1 gWęglowodany10 gw tym cukry9.8 gBłonnik1.5 gBiałko0.5 gSól0.01 g"}, {"header": "Pozostałe informacje", "content": "Producent:MWS Sp. z o.o.,\nul. Strefowa 13,\n43-100 TychyDystrybutor:Jeronimo Martins Polska S.A.Żniwna 5 62-025 Kostrzyn PLImporter:Jeronimo Martins Polska S.A.Żniwna 5 62-025 Kostrzyn PLNazwa wymagana prawnie:Mus jabłko - morela. Pasteryzowany. Dodatku cukrów. Zawiera naturalnie występujące cukry."}], "images": ["data/images/eb7130178c532087ec15d49f8f8b99f5.jpg"], "absolute_path": "Napoje/Soki/Soczki/Produkt 14"}
{"name": "Produkt 16", "url": "https://zakupy.biedronka.pl/riviva-riviva-sok-100-pomarancza-200-ml-0000006546.html", "title": "Riviva Sok 100 % pomarańcza 200 ml", "brand": "Riviva", "price": "1.49 PLN", "packaging_details": "0.2l- 7,45 zł / l", "description_sections": [{"header": "Opis produktu", "content": "Nutriscore:C"}, {"header": "Składniki i alergeny", "content": "Składniki:sok pomarańczowy100% z zagęszczonego soku pomarańczowego"}, {"header": "Pozostałe informacje", "content": "Nazwa wymagana prawnie:Sok pomarańczowy z zagęszczonego soku pomarańczowego. Pasteryzowany."}], "images": ["data/images/239326de77f604528707bfa27db7e0fb.jpg"], "absolute_path": "Napoje/Soki/Soczki/Produkt 16"}
{"name": "Produkt 4", "url": "https://zakupy.biedronka.pl/riviva-riviva-nektar-o-smaku-marchwi-maliny-i-jablka-1-l-0000019135.html", "title": "Riviva Nektar o smaku marchwi, maliny i jabłka 1 l", "brand": "Riviva", "price": "3.49 PLN", "packaging_details": "1l- 3,49 zł / l", "description_sections": [{"header": "Opis produktu", "content": "Nutriscore:D"}, {"header": "Składniki i alergeny", "content": "Składniki:soki z soków zagęszczonych i przeciery z: marchwi (35%), jabłek (15%) i malin (10%), woda, cukier trzcinowy, regulator kwasowości - kwas cytrynowy i kwas jabłkowy, witamina C (kwas L-askorbinowy), aromat, substancja słodząca-sukraloza.Inne informacje o zawartości produktu:Zawiera surowce GMO:Nie, \n\nInformacje szczegółowe dotyczące środków słodzących:zawiera cukier (cukry) i substancję słodzącą, \n\nZawiera aromaty:Tak, \n\nPoziom znakowania Nutriscore:D"}, {"header": "Wartość odżywcza", "content": "W 100 mlWartość energetyczna kcal26 kcalZawartość tłuszczów (ogólnie)0.5 gKwasy tłuszczowe nasycone0.1 gZawartość węglowodanów5 gCukry4.9 gZawartość białek0.5 gZawartość soli0.07 gWitaminy i składniki mineralnew 100 ml% RWS w 100 mlWitamina A400 μg50%Witamina C24 mg30%"}, {"header": "Pozostałe informacje", "content": "Dystrybutor:Jeronimo Martins Polska S.A.Żniwna 5 62-025 Kostrzyn PLImporter:Jeronimo Martins Polska S.A.Żniwna 5 62-025 Kostrzyn PLNazwa wymagana prawnie:Nektar warzywno-owocowy. Źródło witamin: A i C. Zawartość owoców i marchwi min. 60%. Przecierowy. Pasteryzowany. Zawiera cukier i substancję słodzącą."}], "images": ["data/images/b2fbddc09ae20354a6ff35bc88899a9f.jpg"], "absolute_path": "Napoje/Nektary/Produkt 4"}
{"name": "Produkt 5", "url": "https://zakupy.biedronka.pl/riviva-riviva-nektar-o-smaku-marchwi-brzoskwini-i-jablka-1-l-0000019133.html", "title": "Riviva Nektar o smaku marchwi, brzoskwini i jabłka 1 l", "brand": "Riviva", "price": "3.49 PLN", "packaging_details": "1l- 3,49 zł / l", "description_sections": [{"header": "Opis produktu", "content": "Nutriscore:D"}, {"header": "Składniki i alergeny", "content": "Składniki:soki z soków zagęszczonych i przeciery z: marchwi (20%), jabłek (20%), brzoskwiń (20%), woda, cukier trzcinowy, regulator kwasowości - kwas cytrynowy i kwas jabłkowy, witamina C (kwas L-askorbinowy), aromat, substancja słodząca-sukraloza.Inne informacje o zawartości produktu:Zawiera surowce GMO:Nie, \n\nInformacje szczegółowe dotyczące środków słodzących:zawiera cukier (cukry) i substancję słodzącą, \n\nZawiera aromaty:Tak, \n\nPoziom znakowania Nutriscore:D"}, {"header": "Wartość odżywcza", "content": "W 100 mlWartość energetyczna kcal25 kcalZawartość tłuszczów (ogólnie)0.5 gKwasy tłuszczowe nasycone0.1 gZawartość węglowodanów5 gCukry4.9 gZawartość białek0.5 gZawartość soli0.04 gWitaminy i składniki mineralnew 100 ml% RWS w 100 mlWitamina A400 μg50%Witamina C24 mg30%"}, {"header": "Pozostałe informacje", "content": "Dystrybutor:Jeronimo Martins Polska S.A.Żniwna 5 62-025 Kostrzyn PLImporter:Jeronimo Martins Polska S.A.Żniwna 5 62-025 Kostrzyn PLNazwa wymagana prawnie:Nektar owocowo-warzywny. Źródło witamin: A i C. Zawartość owoców i marchwi min. 60%. Przecierowy. Pasteryzowany. Zawiera cukier i substancję słodzącą."}], "images": ["data/images/ee72e51916a51bd1f0cad917f5662000.jpg"], "absolute_path": "Napoje/Nektary/Produkt 5"}
{"name": "Produkt 2", "url": "https://zakupy.biedronka.pl/riviva-riviva-nektar-o-smaku-pomaranczy-15-l-0000008097.html", "title": "Riviva Nektar o smaku pomarańczy 1,5 l", "brand": "Riviva", "price": "4.99 PLN", "packaging_details": "1.5l- 3,33 zł / l", "description_sections": [{"header": "Opis produktu", "content": "Nutriscore:D"}, {"header": "Składniki i alergeny", "content": "Składniki:Woda, zagęszczony sok pomarańczowy, cukier, regulator kwasowości: kwas cytrynowy, naturalny aromat pomarańczowy.Inne informacje o zawartości produktu:Zawiera surowce GMO:Nie, \n\nZawiera aromaty:Tak, \n\nPoziom znakowania Nutriscore:D, \n\nDodatki zawarte w produkcie (E-symbole):E330 Kwas cytrynowy, \n\nFunkcje dodatków obecnych w produkcie (zadeklarowanych jako dodatki lub numery E):Regulator kwasowości, \n\nDodatkowe informacje na temat produktu:Przed otwarciem wstrząsnąć. Mogący pojawić się osad pochodzi ze składników nektaru i nie stanowi wady produktu."}, {"header": "Wartość odżywcza", "content": "W 100 mlWartość energetyczna kcal30 kcalZawartość tłuszczów (ogólnie)0.5 gKwasy tłuszczowe nasycone0 gZawartość węglowodanów7 gCukry6.8 gZawartość białek0.5 gZawartość soli0.02 g"}, {"header": "Pozostałe informacje", "content": "Producent:SOKPOL Sp. z o.o.Dystrybutor:Jeronimo Martins Polska S.A.Żniwna 5 62-025 KostrzynImporter:Jeronimo Martins Polska S.A.Żniwna 5 62-025 Kostrzyn PLNazwa wymagana prawnie:Nektar pomarańczowy z soku zagęszczonego. Zawartość owoców minimum 50%. Produkt pasteryzowany."}], "images": ["data/images/c8844576087e7365c812cc34863792db.jpg"], "absolute_path": "Napoje/Nektary/Produkt 2"}
{"name": "Produkt 3", "url": "https://zakupy.biedronka.pl/riviva-riviva-nektar-banan-1-l-0000006987.html", "title": "Riviva Nektar banan 1 l", "brand": "Riviva", "price": "2.99 PLN", "packaging_details": "1l- 2,99 zł / l", "description_sections": [{"header": "Opis produktu", "content": "Nutriscore:E"}, {"header": "Składniki i alergeny", "content": "Składniki:woda, przecier bananowy (30%), cukier, regulator kwasowości - kwas cytrynowy, przeciwutleniacz - kwas L-askorbinowyInne informacje o zawartości produktu:Zawiera surowce GMO:Nie, \n\nZawiera przeciwutleniacze:Tak, \n\nPoziom znakowania Nutriscore:E, \n\nDodatki zawarte w produkcie (E-symbole):E300 Kwas askorbinowy, witamina c, E330 Kwas cytrynowy, \n\nFunkcje dodatków obecnych w produkcie (zadeklarowanych jako dodatki lub numery E):Regulator kwasowości, Przeciwutleniacz"}, {"header": "Wartość odżywcza", "content": "W 100 mlWartość energetyczna kcal39 kcalZawartość tłuszczów (ogólnie)0.5 gKwasy tłuszczowe nasycone0.1 gZawartość węglowodanów8.9 gCukry8.9 gZawartość białek0.5 gZawartość soli0.01 g"}, {"header": "Przechowywanie i sposób przygotowania", "content": "Sposób podania:Wstrząsnąć przed otwarciem."}, {"header": "Pozostałe informacje", "content": "Producent:Jeronimo Martins Polska S.A.Dystrybutor:Jeronimo Martins Polska S.A.Żniwna 5 62-025 KostrzynImporter:Jeronimo Martins Polska S.A.Żniwna 5 62-025 Kostrzyn PLNazwa wymagana prawnie:Nektar bananowy. Zawartość owoców min 30%. Pasteryzowany."}], "images": ["data/images/209048a3a69b28bb95cca86145cfa87d.jpg", "data/images/67d6f398aafa511fcf5454f728107631.jpg", "data/images/703650c110639072e678c1e77aab99f9.jpg"], "absolute_path": "Napoje/Nektary/Produkt 3"}
{"name": "Produkt 1", "url": "https://zakupy.biedronka.pl/riviva-riviva-nektar-o-smaku-czarnej-porzeczki-z-dodatkiem-witaminy-c-1-l-0000011183.html", "title": "Riviva Nektar o smaku czarnej porzeczki z dodatkiem witaminy C 1 l", "brand": "Riviva", "price": "3.99 PLN", "packaging_details": "1l- 3,99 zł / l", "description_sections": [{"header": "Opis produktu", "content": "Nutriscore:D"}, {"header": "Składniki i alergeny", "content": "Składniki:woda, sok z czarnych porzeczek zagęszczonego soku z czarnych porzeczek (26%), cukier, naturalny aromat czarnej porzeczki, witamina C, substancja słodząca - sukralozaInne informacje o zawartości produktu:Zawiera surowce GMO:Nie, \n\nInformacje szczegółowe dotyczące środków słodzących:zawiera cukier (cukry) i substancję słodzącą, zawiera substancję słodzącą, \n\nZawiera aromaty:Tak, \n\nPoziom znakowania Nutriscore:D, \n\nDodatki zawarte w produkcie (E-symbole):E955 Sukraloza (syntetyk wytwarzany z cukru i chloru), \n\nFunkcje dodatków obecnych w produkcie (zadeklarowanych jako dodatki lub numery E):Substancja słodząca"}, {"header": "Wartość odżywcza", "content": "W 100 mlWartość energetyczna kcal27 kcalZawartość tłuszczów (ogólnie)0.5 gKwasy tłuszczowe nasycone0.1 gZawartość węglowodanów6.5 gCukry6.5 gZawartość białek0.5 gZawartość soli0.01 gWitaminy i składniki mineralnew 100 ml% RWS w 100 mlWitamina C6 mg0%Witamina C (%RWS)7.5 %RWS0%"}, {"header": "Przechowywanie i sposób przygotowania", "content": "Sposób przygotowania:Wstrząsnąć przed otwarciem."}, {"header": "Pozostałe informacje", "content": "Producent:Fortuna Sp. z o.o.Dystrybutor:Jeronimo Martins Polska S.A.Żniwna 5 62-025 KostrzynImporter:Jeronimo Martins Polska S.A.Żniwna 5 62-025 Kostrzyn PLNazwa wymagana prawnie:Nektar z czarnych porzeczek. Z dodatkiem witaminy C. Zawartość owoców minimum 26%. Pasteryzowany. Zawiera cukier i substancję słodzącą."}], "images": ["data/images/0b6e32342a491a47821525f847067b83.jpg", "data/images/2e210028f88e8f9165d8af68df5a835c.jpg"], "absolute_path": "Napoje/Nektary/Produkt 1"}
{"name": "Produkt 2", "url": "https://zakupy.biedronka.pl/herbapol-herbapol-syrop-malinowy-z-witaminami-cd-b6-i-cynkiem-500-ml-0000015634.html", "title": "Herbapol Syrop malinowy z witaminami C,D, B6 i cynkiem 500 ml", "brand": "Herbapol", "price": "7.99 PLN", "packaging_details": "0.5l- 15,98 zł / l", "description_sections": [{"header": "Opis produktu", "content": "Herbapol, nr 1 na polskim rynku syropów - dzięki szerokiej palecie rozbudza zmysły, uwodzi smakiem. Atrakcyjne kompozycje smakowe, apetyczne owoce sprawiają, że każdy chętnie delektuje się sprawdzonym smakiem syropów Herbapol."}, {"header": "Składniki i alergeny", "content": "Składniki:A- cukier lub B - syrop glukozowo-fruktozowy, woda, zagęszczony sok aroniowy, regulator kwasowości: kwas cytrynowy, zagęszczony sok malinowy, zagęszczone soki; z czarnej porzeczki i marchwi; witamina C, witamina D, witamina B6, cynk, aromat.Inne informacje o zawartości produktu:Zawiera surowce GMO:Nie"}, {"header": "Wartość odżywcza", "content": "W 100 mlWartość energetyczna kcal316 kcalZawartość tłuszczów (ogólnie)0 gKwasy tłuszczowe nasycone0 gZawartość węglowodanów79 gCukry77 gZawartość białek0 gZawartość soli0.02 g"}, {"header": "Pozostałe informacje", "content": "Kraj pochodzenia:PolskaKraj pochodzenia zależy od konkretnej partii produktu jaka znajduje się w sklepie. Informację o kraju pochodzenia znajdziesz na opakowaniu. Możesz również dodać komentarz z preferowanym typem produktu w koszyku lub wiadomości dla shoppera (np. “prosze o pomidory polskie”).Producent:„Herbapol-Lublin\" S.A.\nul. Diamentowa 25,\n20-471 Lublin,\nPolska\nwww.herbapol.com.plDystrybutor:Herbapol Lublin S.A.Diamentowa 25 81-748 Lublinlublin@herbapol.com.plNazwa wymagana prawnie:Herbapol Syrop owocowy o smaku malinowym z dodatkiem witamin i cynku, pasteryzowany 500ml. Zawiera cukier i substancje słodzące"}], "images": ["data/images/0630966488a09cd59b97c4d22261c35b.jpg"], "absolute_path": "Napoje/Syropy/Produkt 2"}
{"name": "Produkt 1", "url": "https://zakupy.biedronka.pl/cisowianka-cisowianka-naturalna-woda-mineralna-gazowana-15-l-0000001089.html", "title": "Cisowianka Naturalna woda mineralna gazowana 1,5 l", "brand": "Cisowianka", "price": "2.39 PLN", "packaging_details": "1.5l- 1,59 zł / l", "description_sections": [{"header": "Opis produktu", "content": "Naturalna woda mineralna, wysokonasycona dwutlenkiem węgla pochodzenia naturalnego, średniozmineralizowana. Odpowiednia dla diety ubogiej w sód. Poddawana procesowi napowietrzania i filtracji. Wydobywana z ujęcia Cisowianka Drzewce k\\Nałęczowa"}, {"header": "Składniki i alergeny", "content": "Inne informacje o zawartości produktu:Zawiera surowce GMO:Nie, \n\nZawiera substancje konserwujące:Nie"}, {"header": "Pozostałe informacje", "content": "Kraj pochodzenia:PolskaKraj pochodzenia zależy od konkretnej partii produktu jaka znajduje się w sklepie. Informację o kraju pochodzenia znajdziesz na opakowaniu. Możesz również dodać komentarz z preferowanym typem produktu w koszyku lub wiadomości dla shoppera (np. “prosze o pomidory polskie”).Producent:Nałęczów Zdrój Sp. z o.o.\nDrzewce 35,\n24-150 Nałęczów\nwww.cisowianka.plDystrybutor:Nałęczów Zdrój Spółka z Ograniczoną OdpowiedzialnościąDrzewce 35 24-150 Nałęczówbiuro@cisowianka.plNazwa wymagana prawnie:Naturalna woda mineralna . wysokonasycona dwutlenkiem węgla"}], "images": ["data/images/cbcfdf2ae237553f8213aa17e6b1fe6b.jpg"], "absolute_path": "Napoje/Woda/Gazowana/Produkt 1"}
{"name": "Produkt 3", "url": "https://zakupy.biedronka.pl/cisowianka-cisowianka-perlage-naturalna-woda-mineralna-musujaca-niskosodowa-700-ml-0000004120.html", "title": "Cisowianka Perlage Naturalna woda mineralna musująca niskosodowa 700 ml", "brand": "Cisowianka", "price": "2.29 PLN", "packaging_details": "0.7l- 3,27 zł / l", "description_sections": [{"header": "Opis produktu", "content": "Odpowiednia dla diety ubogiej w sód. Napowietrzana i filtrowana. Ujęcie Cisowianka. Butelkowana u źródła przez producenta"}, {"header": "Składniki i alergeny", "content": "Inne informacje o zawartości produktu:Zawiera surowce GMO:Nie, \n\nZawiera substancje konserwujące:Nie"}, {"header": "Pozostałe informacje", "content": "Kraj pochodzenia:PolskaKraj pochodzenia zależy od konkretnej partii produktu jaka znajduje się w sklepie. Informację o kraju pochodzenia znajdziesz na opakowaniu. Możesz również dodać komentarz z preferowanym typem produktu w koszyku lub wiadomości dla shoppera (np. “prosze o pomidory polskie”).Producent:Nałęczów Zdrój sp. z o.o.,\nDrzewce 35,\n24-150 Nałęczów\nwww.cisowianka.pl\\perlageDystrybutor:Nałęczów Zdrój Spółka z Ograniczoną OdpowiedzialnościąDrzewce 35 24-150 Nałęczówbiuro@cisowianka.plNazwa wymagana prawnie:Naturalna woda mineralna musująca, wysokonasycona dwutlenkiem węgla, średniozmineralizowana."}], "images": ["data/images/f2068c5da781dc354c93b5396bedf43c.jpg"], "absolute_path": "Napoje/Woda/Gazowana/Produkt 3"}
{"name": "Produkt 2", "url": "https://zakupy.biedronka.pl/muszyna-muszyna-skarb-zycia-naturalna-woda-mineralna-wysokozmineralizowana-lekko-gazowana-15-l-0000003643.html", "title": "Muszyna Skarb Życia Naturalna woda mineralna wysokozmineralizowana lekko gazowana 1,5 l", "brand": "Muszyna", "price": "1.89 PLN", "packaging_details": "1.5l- 1,26 zł / l", "description_sections": [{"header": "Opis produktu", "content": "Zawiera magnez, wapń i wodorowęglany.Skarb Życia Muszyna naturalna woda mineralna, częściowo odgazowana, poddana napowietrzaniu i filtracji, niskonasycona dwutlenkiem węgla do 1500 mg\\l CO2. Ujęcie: Skarb Życia Muszyna w Muszynie.Subrand:Skarb Życia"}, {"header": "Pozostałe informacje", "content": "Nazwa wymagana prawnie:Muszyna Skarb Życia Naturalna woda mineralna wysokozmineralizowana lekko gazowana 1,5 l"}], "images": ["data/images/274c8e72a62a206e35c5dbe0a2884945.jpg"], "absolute_path": "Napoje/Woda/Gazowana/Produkt 2"}
{"name": "Produkt 1", "url": "https://zakupy.biedronka.pl/herbapol-herbapol-suplement-diety-malina-z-cytryna-500-ml-0000016854.html", "title": "Herbapol Suplement diety malina z cytryną 500 ml", "brand": "Herbapol", "price": "7.99 PLN", "packaging_details": "0.5l- 12,78 zł / l", "description_sections": [{"header": "Opis produktu", "content": "Witaminy: C, B₆, D oraz cynk pomagają w prawidłowym funkcjonowaniu układu odpornościowego.Korzystny efekt wynikający z deklarowanego działania składników produktu występuje w przypadku spożycia 40 ml produktu."}, {"header": "Składniki i alergeny", "content": "Składniki:A - cukier lub B - syrop glukozowo-fruktozowy,woda,zagęszczony sok z malin (0,19 %) o ekstrakcie ogólnym 65 %,zagęszczony sok cytrynowy (0,05 %) o ekstrakcie ogólnym 56 %,regulator kwasowości: kwas cytrynowy,koncentrat soku z czarnej marchwi,witamina C,witamina D,witamina B₆,cynk,aromaty,zawiera zagęszczony sok z aronii i/lub z czarnej porzeczki,Litera (A lub B) umieszczona przy numerze partii wskazuje na użyty do produkcji składnik"}, {"header": "Przechowywanie i sposób przygotowania", "content": "Sposób podania:Zalecane spożycie: porcję jednostkową 20 ml (2 łyżki stołowe) syropu rozcieńczyć z wodą (200 ml). Spożywać 2 razy dziennie. Opakowanie zawiera 25 porcji jednostkowych (20 ml), co stanowi 12,5 zalecanych dziennych porcji suplementu (40 ml). Nie należy przekraczać porcji zalecanej do spożycia w ciągu dnia."}, {"header": "Pozostałe informacje", "content": "Nazwa wymagana prawnie:Suplement diety w postaci syropu o smaku malinowo-cytrynowym, pasteryzowany."}], "images": ["data/images/827d1aaf6fb7fc6131c13d7c39ee7dee.jpg"], "absolute_path": "Napoje/Syropy/Produkt 1"}
{"name": "Produkt 1", "url": "https://zakupy.biedronka.pl/naleczowianka-naleczowianka-naturalna-woda-mineralna-niegazowana-15-l-0001150915.html", "title": "Nałęczowianka Naturalna woda mineralna niegazowana 1,5 l", "brand": "Nałęczowianka", "price": "2.69 PLN", "packaging_details": "1.5l- 1,79 zł / l", "description_sections": [{"header": "Opis produktu", "content": "NAŁĘCZOWIANKA Naturalna woda mineralna niegazowanaWoda wodzie nierówna… Okazuje się, że niektóre wody mineralne ze względu na zbyt wysoką mineralizację nie mogą być spożywane przez osoby z nadciśnieniem czy małe dzieci. Jeśli poszukujesz wody o średniej zawartości minerałów, naturalna woda mineralna Nałęczowianka będzie dobrym wyborem. Dzięki mineralizacji poniżej 650 mg\\l i niskiej zawartości sodu może być spożywana codziennie – także przez osoby borykające się z problemami z ciśnieniem. Zawarta w Nałęczowiance unikalna formuła 7 minerałów dostarczy Twojemu organizmowi niezbędną porcję: +wodorowęglanów +chlorku +sodu +magnezu +wapnia +potasu +fluorków.Miej zawsze ze sobą Nałęczowiankę. Miej w sobie pragnienie.Naturalna woda mineralna niegazowana Nałęczowianka - cechy:- Zawiera minerały- Dostępna w formacie 0,3l; 0,5 l; 0,75 l; 1 l i 1,5 l- Odpowiednia dla diety ubogiej w sód- Otwór Nałęczowianka w NałęczowieKraj pochodzenia: Polska"}, {"header": "Składniki i alergeny", "content": "Inne informacje o zawartości produktu:Zawiera surowce GMO:Nie"}, {"header": "Pozostałe informacje", "content": "Kraj pochodzenia:PolskaKraj pochodzenia zależy od konkretnej partii produktu jaka znajduje się w sklepie. Informację o kraju pochodzenia znajdziesz na opakowaniu. Możesz również dodać komentarz z preferowanym typem produktu w koszyku lub wiadomości dla shoppera (np. “prosze o pomidory polskie”).Producent:Nestle Polska S.A.Domaniewska 32 02-672 WARSZAWA PLDystrybutor:Jeronimo Martins Polska S.A.Żniwna 5 62-025 Kostrzyn PLImporter:Nestle Polska S.A.Domaniewska 32 02-672 Warszawa PLNazwa wymagana prawnie:Naturalna woda mineralna nienasycona CO2, średniozmineralizowana. Odpowiednia dla diety ubogiej w sód"}], "images": ["data/images/f7b7d7ffe7406913badbae1e3c394400.jpg"], "absolute_path": "Napoje/Woda/Niegazowana/Produkt 1"}
{"name": "Produkt 6", "url": "https://zakupy.biedronka.pl/muszyna-muszyna-skarb-zycia-naturalna-woda-mineralna-wysokozmineralizowana-lekko-gazowana-500-ml-0000005124.html", "title": "Muszyna Skarb Życia Naturalna woda mineralna wysokozmineralizowana lekko gazowana 500 ml", "brand": "Muszyna", "price": "1.25 PLN", "packaging_details": "0.5l- 2,50 zł / l", "description_sections": [{"header": "Opis produktu", "content": "Skarb życia Muszyna naturalna woda mineralna, częściowo odgazowana, poddana napowietrzaniu i filtracji, niskonasycona dwutlenkiem węgla do 1500 mg\\l CO₂. Woda poddana dopuszczonej technice traktowania powie- trzem wzbogaconym w ozon. Ujęcie: Skarb życia Muszyna w Muszynie i Szczawicznym.Subrand:Skarb Życia"}, {"header": "Pozostałe informacje", "content": "Producent:ZPHU INEX Sp. z o.o.\n\nZakład produkcyjny:\nul. Wiejska 48,\n33-380 Krynica-Zdrój\n\nSiedziba:\nul. Wadowicka 165,\n34-120 Inwałd\nwww.muszynaskarbzycia.pl\nInfolinia nr 508 098 000Dystrybutor:Jeronimo Martins Polska S.A.Żniwna 5 62-025 Kostrzyn PLImporter:Jeronimo Martins Polska S.A.Żniwna 5 62-025 Kostrzyn PLNazwa wymagana prawnie:Naturalna woda mineralna nasycona CO₂ (gazowana) zawiera magnez, wapń i wodorowęglany."}], "images": ["data/images/77590699514ea8054b17350352c3020f.jpg"], "absolute_path": "Napoje/Woda/Gazowana/Produkt 6"}
{"name": "Produkt 4", "url": "https://zakupy.biedronka.pl/naleczowianka-naleczowianka-naturalna-woda-mineralna-delikatnie-gazowana-15-l-0000000008.html", "title": "Nałęczowianka Naturalna woda mineralna delikatnie gazowana 1,5 l", "brand": "Nałęczowianka", "price": "2.69 PLN", "packaging_details": "1.5l- 1,79 zł / l", "description_sections": [{"header": "Opis produktu", "content": "NAŁĘCZOWIANKA Naturalna woda mineralna delikatnie gazowanaDelikatna w smaku i krystalicznie czysta, Nałęczowianka dostarcza Twojemu organizmowi cennych minerałów każdego dnia. To możliwe dzięki kompozycji, które czerpie z głębi Nałęczowa przez prawie 20 lat. Czym wyróżnia się spośród innych wód mineralnych? Zawiera charakterystyczną kompozycję 7 minerałów, którymi nasyca organizm, by zawsze realizować to, czego pragniesz. Nałęczowianka ma dodatkowo niską zawartość sodu i stanowi odpowiedni element diety.Miej zawsze ze sobą Nałęczowiankę. Miej w sobie pragnienie.Naturalna woda mineralna delikatnie gazowana Nałęczowianka – cechy:- Średnionasycona CO2, średniozmineralizowana- Zawiera minerały- Odpowiednia dla diety ubogiej w sód- Świetnie smakuje- Bardzo orzeźwiająca- Poddawana procesowi napowietrzania i filtracji- Otwór Nałęczowianka w NałęczowieKraj pochodzenia: Polska"}, {"header": "Składniki i alergeny", "content": "Inne informacje o zawartości produktu:Zawiera surowce GMO:Nie, \n\nZawiera substancje konserwujące:Nie"}, {"header": "Pozostałe informacje", "content": "Kraj pochodzenia:PolskaKraj pochodzenia zależy od konkretnej partii produktu jaka znajduje się w sklepie. Informację o kraju pochodzenia znajdziesz na opakowaniu. Możesz również dodać komentarz z preferowanym typem produktu w koszyku lub wiadomości dla shoppera (np. “prosze o pomidory polskie”).Producent:Nestle Polska S.A.Domaniewska 32 02-672 WARSZAWA PLDystrybutor:Jeronimo Martins Polska S.A.Żniwna 5 62-025 Kostrzyn PLImporter:Nestle Polska S.A.Domaniewska 32 02-672 Warszawa PLNazwa wymagana prawnie:Naturalna woda mineralna średnionasycona CO2, średniozmineralizowana."}], "images": ["data/images/f33a8066276efb1673064fc3d696636c.jpg"], "absolute_path": "Napoje/Woda/Gazowana/Produkt 4"}
{"name": "Produkt 2", "url": "https://zakupy.biedronka.pl/cisowianka-cisowianka-naturalna-woda-mineralna-niegazowana-niskosodowa-15-l-0000001090.html", "title": "Cisowianka Naturalna Woda mineralna niegazowana niskosodowa 1,5 l", "brand": "Cisowianka", "price": "2.39 PLN", "packaging_details": "1.5l- 1,59 zł / l", "description_sections": [{"header": "Opis produktu", "content": "Odpowiednia dla diety ubogiej w sód. Napowietrzana i filtrowana. Ujęcie Cisowianka. Butelkowana u źródła przez producentapH 7 neutralne."}, {"header": "Pozostałe informacje", "content": "Producent:Nałęczów Zdrój sp. z o.o.\nDrzewce 35,\n24-150 Nałęczów\nwww.cisowianka.plNazwa wymagana prawnie:Naturalna woda mineralna, nienasycona dwutlenkiem węgla, średniozmineralizowana."}], "images": ["data/images/f6cfa0ee8d1160dc75007222383027fd.jpg"], "absolute_path": "Napoje/Woda/Niegazowana/Produkt 2"}
{"name": "Produkt 5", "url": "https://zakupy.biedronka.pl/cisowianka-cisowianka-naturalna-woda-mineralna-lekko-gazowana-niskosodowa-15-l-0000006617.html", "title": "Cisowianka Naturalna woda mineralna lekko gazowana niskosodowa 1,5 l", "brand": "Cisowianka", "price": "2.39 PLN", "packaging_details": "1.5l- 1,59 zł / l", "description_sections": [{"header": "Opis produktu", "content": "Odpowiednia dla diety ubogiej w sód. Napowietrzana i filtrowana. Ujęcie Cisowianka. Butelkowana u źródła przez producenta"}, {"header": "Pozostałe informacje", "content": "Producent:Nałęczów Zdrój sp. z o.o.,\nDrzewce 35,\n24-150 Nałęczów\nwww.cisowianka.plNazwa wymagana prawnie:Naturalna woda mineralna, średnionasycona dwutlenkiem węgla pochodzenia naturalnego, średniozmineralizowana."}], "images": ["data/images/5f0142d9b198d635146f7d8c6c2039b3.jpg"], "absolute_path": "Napoje/Woda/Gazowana/Produkt 5"}
{"name": "Produkt 5", "url": "https://zakupy.biedronka.pl/velingrad-velingrad-alcalia-naturalna-woda-mineralna-niegazowana-500-ml-0000807639.html", "title": "Velingrad Alcalia Naturalna woda mineralna niegazowana 500 ml", "brand": "Velingrad", "price": "1.79 PLN", "packaging_details": "0.5l- 3,58 zł / l", "description_sections": [{"header": "Opis produktu", "content": "Alcalia to naturalnie alkaliczna woda mineralna z unikalnie wysokim pH 9,36 to pH dużo wyższe niż w zwykłej wodzie.Alcalia jest wyjątkowa, bo wydobywamy ją z wyjątkowego miejsca. Nasze źródło ukryte jest w krystalicznie czystych górach, aż 1200 metrów pod powierzchnią ziemi. To jedno z najgłębiej położonych źródeł w Europie.Woda pomaga w utrzymaniu prawidłowych funkcji fizycznych i poznawczych organizmu*. Pij ją, jeśli dbasz o siebie i swoją dietę. Poznaj siłę Superwody!*celem uzyskania deklarowanego działania należy spożywać dziennie co najmniej 2 litry wody z różnych źródeł.Wydobywana z ujęcia Velingrad sondazh 5 Górski Punkt.Nazwa handlowa: Velingrad Alcalia.Subrand:Alcalia"}, {"header": "Pozostałe informacje", "content": "Producent:Tymbark Bulgaria EOOD,\nul. Nikola Vaptsarov 105,\n4600 Velingrad,\nBułgariaDystrybutor:MWS Sp. z o.o. Sp. k.ul. Strefowa 13 43-100 Tychy PolskaImporter:Jeronimo Martins Polska S.A.Żniwna 5 62-025 Kostrzyn PLNazwa wymagana prawnie:Naturalna woda mineralna niegazowana, niskozmineralizowana."}], "images": ["data/images/65c6bfb1c2eade58ad141760dbe4435c.jpg"], "absolute_path": "Napoje/Woda/Niegazowana/Produkt 5"}
{"name": "Produkt 4", "url": "https://zakupy.biedronka.pl/muszynianka-muszynianka-zdroj-naturalna-woda-mineralna-wysokozmineralizowana-niskonasycona-co2-1-l-0000008558.html", "title": "Muszynianka zdrój Naturalna woda mineralna wysokozmineralizowana niskonasycona CO2 1 l", "brand": "Muszynianka", "price": "2.49 PLN", "packaging_details": "1l- 2,49 zł / l", "description_sections": [{"header": "Opis produktu", "content": "zawiera magnez, wapń i wodorowęglanyW toku produkcji wodę poddano procesowi napowietrzania i filtracji - częściowo odgazowana.Woda wydobywana z otworów: P-III, P-IV, P-17, P-10 w Powroźniku i P-12, P-13, P-14 w Krynicy-ZdrojuSubrand:zdrój"}, {"header": "Wartość odżywcza", "content": "Witaminy i składniki mineralnew l% RWS w lChlor17.7 mg0%Fluor0.05 mg0%Magnez103.5 mg0%Potas7.5 mg0%Siarczany (SO₄²-)16.3 mg0%Sód91.5 mg0%Wapń228.6 mg0%Wodorowęglany (HCO3-)1479.9 mg0%"}, {"header": "Pozostałe informacje", "content": "Producent:„Muszynianka\" sp. z o.o. (dawniej Spółdzielnia Pracy „Muszynianka\")\nul. Kościuszki 58\n33-380 Krynica-Zdrój\n\nWyprodukowano w ZEWM w Krynicy Zdroju\nul. Wiejska 54Dystrybutor:„Muszynianka\" sp. z o.o. (dawniej Spółdzielnia Pracy „Muszynianka\")ul. Kościuszki 58 33-380  Krynica-ZdrójNazwa wymagana prawnie:Woda niskonasycona dwutlenkiem węgla do stężenia 1500 mg/l CO2."}], "images": ["data/images/0bce940b9e7995deff877e2cf995d5ed.jpg"], "absolute_path": "Napoje/Woda/Niegazowana/Produkt 4"}
{"name": "Produkt 1", "url": "https://zakupy.biedronka.pl/hortex-hortex-xxl-warzywa-na-patelnie-750-g-0000024090.html", "title": "Hortex XXL Warzywa na patelnię 750 g", "brand": "Hortex", "price": "9.99 PLN", "packaging_details": "0.75kg- 13,32 zł / kg", "description_sections": [{"header": "Opis produktu", "content": "Nutriscore:A"}, {"header": "Składniki i alergeny", "content": "Składniki:warzywa w zmiennych proporcjach: brokuły, ziemniaki podsmażane (ziemniaki, olej słonecznikowy (S) i/lub olej rzepakowy (R)), marchew, papryka, fasola szparagowa, cebula, kukurydza,Symbol użytego oleju (S, R) w okienku przy numerze partiiAlergeny:Może zawierać Seler, \n\nMoże zawierać Zboża zawierające gluten, \n\nMoże zawierać Jaja, \n\nMoże zawierać Mleko, \n\nMoże zawierać Gorczyca, \n\nMoże zawierać Soja"}, {"header": "Wartość odżywcza", "content": "W 100 gWartość energetyczna50 kcalTłuszcz1 gw tym kwasy tłuszczowe nasycone0.2 gWęglowodany7 gw tym cukry2.8 gBłonnik2.7 gBiałko1.9 gSól0.07 g"}, {"header": "Przechowywanie i sposób przygotowania", "content": "Sposób podania:Spożywać po obróbce termicznej."}, {"header": "Pozostałe informacje", "content": "Nazwa wymagana prawnie:Mieszanka warzywna. Produkt głęboko mrożony."}], "images": ["data/images/50069f999e1df57e5a1ad7061b5b55e3.jpg", "data/images/905688482e5834183e9cb9030f9081b8.jpg"], "absolute_path": "Mrożone/Mrożone warzywa/Produkt 1"}
{"name": "Produkt 2", "url": "https://zakupy.biedronka.pl/mrozna-kraina-mrozna-kraina-brokul-rozyczki-450-g-0000003180.html", "title": "Mroźna Kraina Brokuł różyczki 450 g", "brand": "Mroźna Kraina", "price": "5.49 PLN", "packaging_details": "0.45kg- 12,20 zł / kg", "description_sections": [{"header": "Opis produktu", "content": "Chronione Mrozem. Mrożenie to jeden z najbardziej popularnych procesów zabezpieczania żywności przed utratą wartości odżywczych i walorów smakowych.Owoce mrożone dzięki procesowi mycia i błyskawicznego mrożenia mogą być przechowywane przez wiele miesięcy i stanowić wartościowy dodatek codziennych posiłków dostępny o każdej porze roku.Wszystkie produkty Mroźna Kraina są magazynowane w temperaturze poniżej -18°C, co gwarantuje ich jakość przez bardzo długi czas."}, {"header": "Składniki i alergeny", "content": "Składniki:brokuł różyczki (100%)"}, {"header": "Pozostałe informacje", "content": "Nazwa wymagana prawnie:Brokuł różyczki. Produkt głęboko mrożony"}], "images": ["data/images/83c5b5912b1628f7edb84880a2c0a20d.jpg", "data/images/4a0a724a7044d82319f15dcb3b3a9517.jpg"], "absolute_path": "Mrożone/Mrożone warzywa/Produkt 2"}
{"name": "Produkt 3", "url": "https://zakupy.biedronka.pl/naleczowianka-naleczowianka-naturalna-woda-mineralna-niegazowana-1-l-0000007275.html", "title": "Nałęczowianka Naturalna woda mineralna niegazowana 1 l", "brand": "Nałęczowianka", "price": "2.29 PLN", "packaging_details": "1l- 2,29 zł / l", "description_sections": [{"header": "Opis produktu", "content": "Nałęczowianka Naturalna woda mineralna niegazowanaPoręczna butelka, zapewni Ci nawodnienie na większą część dnia. Teraz jest wykonana w 100% z innych butelek (100% plastik PET z recyclingu). Nałęczowianka w trosce o planetę dąży do tego by nasze opakowania były neutralne względem środowiska - bo jak nie NAŁ to kiedy?Pamiętaj, pustą butelkę wrzuć do żółtego kosza!Naturalna woda mineralna Nałęczowianka wydobywana jest z ujęcia o tej samej nazwie, położonego w uzdrowisku Nałęczów, które znajduje się w otulinie Kazimierskiego Parku Krajobrazowego na terenie Wyżyny Lubelskiej. Nałęczowianka podczas 20-letniej podróży przez pokłady skał, nasyca się kompozycją 7 minerałów: wapnia (118 mg\\l), potasu (3,84 mg\\l), magnezu (21,2 m\\l), fluorków (0,27 mg\\l), chlorków (14,7 mg\\l), sodu (10,9 mg\\l) i wodorowęglany (449 mg\\l). Jest to woda średniozmineralizowana i niskosodowa co sprawia, że możesz ją pić codziennie.Miej zawsze ze sobą Nałęczowiankę. Miej w sobie pragnienie.Naturalna woda mineralna niegazowana Nałęczowianka - cechy:- Nałęczowianka niegazowana jest dostępna w formacie 0,3l; 0,5 l; 0,75 l; 1 l i 1,5 l- Odpowiednia dla diety ubogiej w sód- Otwór Nałęczowianka w NałęczowieKraj pochodzenia: PolskaOdpowiednia także dla diety ubogiej w sód. Poddawana procesowi napowietrzania i filtracji. Otwór Nałęczowianka w Nałęczowie.Nutriscore:A"}, {"header": "Składniki i alergeny", "content": "Inne informacje o zawartości produktu:Zawiera surowce GMO:Nie, \n\nPoziom znakowania Nutriscore:A"}, {"header": "Wartość odżywcza", "content": "Witaminy i składniki mineralnew l% RWS w lChlor14.7 mg0%Fluor0.27 mg0%Magnez21.2 mg0%Potas3.84 mg0%Wapń118 mg0%"}, {"header": "Pozostałe informacje", "content": "Kraj pochodzenia:PolskaKraj pochodzenia zależy od konkretnej partii produktu jaka znajduje się w sklepie. Informację o kraju pochodzenia znajdziesz na opakowaniu. Możesz również dodać komentarz z preferowanym typem produktu w koszyku lub wiadomości dla shoppera (np. “prosze o pomidory polskie”).Producent:Nestle Polska S.A.Domaniewska 32 02-672 WARSZAWA PLDystrybutor:Jeronimo Martins Polska S.A.Żniwna 5 62-025 Kostrzyn PLImporter:Nestle Polska S.A.Domaniewska 32 02-672 Warszawa PLNazwa wymagana prawnie:Naturalna woda mineralna nienasycona CO2, średniozmineralizowana."}], "images": ["data/images/6c44950468750ca55600a00d78862bf6.jpg"], "absolute_path": "Napoje/Woda/Niegazowana/Produkt 3"}
{"name": "Produkt 1", "url": "https://zakupy.biedronka.pl/frosta-frosta-zlote-paluszki-rybne-z-fileta-450-g-0000017800.html", "title": "FRoSTA Złote paluszki rybne z fileta 450 g", "brand": "FRoSTA", "price": "18.99 PLN", "packaging_details": "0.45kg- 42,20 zł / kg", "description_sections": [{"header": "Opis produktu", "content": "Większe, ekonomiczne opakowanie pozwoli rozkoszować się smakiem soczystych, chrupiących paluszków z fileta rybnego, całej Twojej rodzinie. Produkt głęboko mrożony."}, {"header": "Składniki i alergeny", "content": "Składniki:Filety z RYB białych (A – mintaj, B –dorszczarny, D – morszczuk, K – miruna; patrz nadruk z boku kartonika), panierka sypka 15 % (mąka PSZENNA, drożdże, sól, papryka mielona, kurkuma), woda ,olej słonecznikowy, mąka PSZENNA, sól.Alergeny:Ryby i produkty pochodne, \n\nZboża zawierajace gluten, \n\nPszenica i produkty z pszenicyInne informacje o zawartości produktu:Zawiera surowce GMO:Nie"}, {"header": "Wartość odżywcza", "content": "W 100 gWartość energetyczna kcal182 kcalZawartość tłuszczów (ogólnie)8.3 gKwasy tłuszczowe nasycone0.8 gZawartość węglowodanów14 gCukry0.9 gZawartość białek13 gZawartość soli0.94 g"}, {"header": "Przechowywanie i sposób przygotowania", "content": "Sposób przygotowania:Przygotowanie w piekarnikuRozgrzej piekarnik do temperatury 230ºC. Zamrożone paluszki ułóż na blasze (możesz użyć papieru do pieczenia). Piecz przez około 14 minut (z włączonym termoobiegiem przez około 11 minut).Przygotowanie na patelniNa patelni rozgrzej 5 łyżek oleju. Zamrożone paluszki smaż na średnim ogniu przez 6 minut, od czasu do czasu przewracając."}, {"header": "Pozostałe informacje", "content": "Kraj pochodzenia:NiemcyKraj pochodzenia zależy od konkretnej partii produktu jaka znajduje się w sklepie. Informację o kraju pochodzenia znajdziesz na opakowaniu. Możesz również dodać komentarz z preferowanym typem produktu w koszyku lub wiadomości dla shoppera (np. “prosze o pomidory polskie”).Producent:FRoSTA sp. z o.o.\nul. Witebska 63,\n85-778 Bydgoszcz\ntel. 52 36 06 780\ne-mail: info@frosta.pl, \nFacebook: \\frosta.polska\nInstagram: \\frosta_pl\nwww.frosta.plDystrybutor:FRoSTAWitebska 63 85-778 BydgoszczMiejsce Połowu:Północno-zachodnia część Oceanu Spokojnego, Północno-wschodnia część Oceanu SpokojnegoMetoda produkcji:Złowione w morzuNarzędzie połowu:Włoki rozpornicowe pelagiczne, Dwustatkowe włoki denneNazwa wymagana prawnie:Złote paluszki rybne w chrupiącej panierce, produkt podsmażony i głęboko mrożony"}], "images": ["data/images/260292cc7c0808580d1c227b2d783a12.jpg", "data/images/c65e1e32774e9673b58751b6dd0bfd5a.jpg"], "absolute_path": "Mrożone/Mrożone ryby/Paluszki rybne/Produkt 1"}
{"name": "Produkt 2", "url": "https://zakupy.biedronka.pl/marinero-marinero-paluszki-z-fileta-z-dorsza-bez-skory-panierowane-300-g-0000005730.html", "title": "Marinero Paluszki z fileta z dorsza bez skóry panierowane 300 g", "brand": "Marinero", "price": "12.99 PLN", "packaging_details": "0.3kg- 43,30 zł / kg", "description_sections": [{"header": "Opis produktu", "content": "Paluszki rybne z fileta dorsza panierowane, wstępnie podsmażone, głębokomrożone.Paluszki w kształcie prostopadłościanu o regularnych krawędziach cięte zmrożonego bloku filetów za pomocą pił taśmowych i tarczowych, pokryterównomiernie panierem, wstępnie obsmażone. Filety z ryb bez skóry i ościułożone równolegle wzdłuż bloku. Panier dobrze przylegający do filetów, bezzbytnich zgrubień na powierzchni i krawędziach paluszków."}, {"header": "Składniki i alergeny", "content": "Składniki:Składniki: Dorsz* filety bez skóry – z połączonych kawałkówryby65%,panier 35% (mąkapszenna, olej rzepakowy, woda, sól, drożdże, ekstrakt z papryki). * Gatunkirybzakwalifikowane według następującego kodu literowego: A - Dorsz atlantycki (Gadus Morhua) , złowiony w Północno – Wschodnim Atlantyku, Morze Norweskie, obszar połowu: FAO 27II lub B - Dorsz pacyficzny (Gadus Macrocephalus), złowiony w Oceanie Spokojnym, obszar połowu: FAO 61 lun FAO 67, narzędzie połowu: włoki lub C – Dorsz czarny (Pollachius vivens), złowiony w Oceanie Atlantyckim, Wody Islandii i Wysp Owczych, obszar połowu: FAO 27Va,b, narzędzie połowu: włoki"}, {"header": "Pozostałe informacje", "content": "Kraj pochodzenia:PolskaKraj pochodzenia zależy od konkretnej partii produktu jaka znajduje się w sklepie. Informację o kraju pochodzenia znajdziesz na opakowaniu. Możesz również dodać komentarz z preferowanym typem produktu w koszyku lub wiadomości dla shoppera (np. “prosze o pomidory polskie”).Nazwa wymagana prawnie:Biedronka MARINERO Paluszki z fileta z dorsza bez skóry, z połączonych kawałków ryby, panierowane, wstępnie podsmażone, głęboko mrożone, Masa netto: 3,0 kg (10x300g)"}], "images": ["data/images/25d47053860d79cbd098cfee174396c5.jpg", "data/images/f52f6b5a25476e821f9a198cc4a825a7.jpg"], "absolute_path": "Mrożone/Mrożone ryby/Paluszki rybne/Produkt 2"}
{"name": "Produkt 3", "url": "https://zakupy.biedronka.pl/mrozna-kraina-mrozna-kraina-szpinak-w-lisciach-porcjowany-450-g-0000011483.html", "title": "Mroźna Kraina Szpinak w liściach porcjowany 450 g", "brand": "Mroźna Kraina", "price": "5.99 PLN", "packaging_details": "0.45kg- 13,31 zł / kg", "description_sections": [{"header": "Opis produktu", "content": "Chronione Mrozem. Mrożenie to jeden z najbardziej popularnych procesów zabezpieczania żywności przed utratą wartości odżywczych i walorów smakowych.Owoce mrożone dzięki procesowi mycia i błyskawicznego mrożenia mogą być przechowywane przez wiele miesięcy i stanowić wartościowy dodatek codziennych posiłków dostępny o każdej porze roku.Wszystkie produkty Mroźna Kraina są magazynowane w temperaturze poniżej -18°C, co gwarantuje ich jakość przez bardzo długi czas."}, {"header": "Składniki i alergeny", "content": "Składniki:szpinak w liściach, porcjowany (100%)Inne informacje o zawartości produktu:Zawiera surowce GMO:Nie"}, {"header": "Wartość odżywcza", "content": "W 100 gWartość energetyczna kcal27 kcalZawartość tłuszczów (ogólnie)0.3 gKwasy tłuszczowe nasycone0.1 gZawartość węglowodanów1.1 gCukry0.7 gZawartość błonnika3.5 gZawartość białek3.2 gZawartość soli0.06 g"}, {"header": "Przechowywanie i sposób przygotowania", "content": "Sposób przygotowania:1. Zawartość torebki (bez rozmrażania) wsypać do naczynia z niewielką ilością tłuszczu (margaryna, masło). Dusić pod przykryciem około 10 minut, pamiętając o przemieszaniu. Opcjonalnie można dodać śmietanę, roztarty ząbek czosnku. Przyprawić do smaku."}, {"header": "Pozostałe informacje", "content": "Kraj pochodzenia:Unia EuropejskaKraj pochodzenia zależy od konkretnej partii produktu jaka znajduje się w sklepie. Informację o kraju pochodzenia znajdziesz na opakowaniu. Możesz również dodać komentarz z preferowanym typem produktu w koszyku lub wiadomości dla shoppera (np. “prosze o pomidory polskie”).Producent:Greenyard Frozen Poland Sp. z o.o.Dystrybutor:Jeronimo Martins Polska S.A.Żniwna 5 62-025 KostrzynImporter:Jeronimo Martins Polska S.A.Żniwna 5 62-025 Kostrzyn PLNazwa wymagana prawnie:Szpinak w liściach, porcjowany. Produkt głęboko mrożony."}], "images": ["data/images/bc67d74b096311bf26f75536637b1497.jpg", "data/images/4532c3aa21b6c1e33520ca4598fda0fe.jpg"], "absolute_path": "Mrożone/Mrożone warzywa/Produkt 3"}
{"name": "Produkt 1", "url": "https://zakupy.biedronka.pl/mrozna-kraina-mrozna-kraina-jagody-lesne-300-g-0000005135.html", "title": "Mroźna Kraina Jagody leśne 300 g", "brand": "Mroźna Kraina", "price": "11.99 PLN", "packaging_details": "0.3kg- 39,97 zł / kg", "description_sections": [{"header": "Opis produktu", "content": "Chronione Mrozem. Mrożenie to jeden z najbardziej popularnych procesów zabezpieczania żywności przed utratą wartości odżywczych i walorów smakowych.Owoce mrożone dzięki procesowi mycia i błyskawicznego mrożenia mogą być przechowywane przez wiele miesięcy i stanowić wartościowy dodatek codziennych posiłków dostępny o każdej porze roku.Wszystkie produkty Mroźna Kraina są magazynowane w temperaturze poniżej -18°C, co gwarantuje ich jakość przez bardzo długi czas."}, {"header": "Składniki i alergeny", "content": "Składniki:jagody (100 %). Produkt może zawieraćseler."}, {"header": "Pozostałe informacje", "content": "Kraj pochodzenia:UkrainaKraj pochodzenia zależy od konkretnej partii produktu jaka znajduje się w sklepie. Informację o kraju pochodzenia znajdziesz na opakowaniu. Możesz również dodać komentarz z preferowanym typem produktu w koszyku lub wiadomości dla shoppera (np. “prosze o pomidory polskie”).Nazwa wymagana prawnie:Jagody leśne. Produkt głęboko mrożony"}], "images": ["data/images/6cc4e337f0613af20e32ee702e43e97a.jpg", "data/images/473f8b82e3ddf5f1166e79b7bebdf4ff.jpg"], "absolute_path": "Mrożone/Mrożone owoce/Produkt 1"}
{"name": "Produkt 1", "url": "https://zakupy.biedronka.pl/grycan-grycan-lody-smietankowe-1100-ml-0000016154.html", "title": "Grycan Lody śmietankowe 1100 ml", "brand": "Grycan", "price": "25.99 PLN", "packaging_details": "1.1l- 23,63 zł / l", "description_sections": [{"header": "Składniki i alergeny", "content": "Składniki:śmietanka kremowa -38 %,woda,cukier,odtłuszczonemlekow proszku,syrop glukozowy,tłuszcz kokosowy,żółtkajaj,emulgator (mono- i diglicerydy kwasów tłuszczowych),stabilizatory (mączka chleba świętojańskiego, guma guar),aromat,sólAlergeny:Nie zawiera Zboża zawierające gluten, \n\nZawiera Jaja, \n\nZawiera Mleko, \n\nMoże zawierać Orzechy, \n\nMoże zawierać Orzeszki ziemne, \n\nMoże zawierać Sezam, \n\nMoże zawierać SojaInne informacje o zawartości produktu:Smaki / Aromaty:Zawiera, \n\nSyrop glukozowy lub glukozowo-fruktozowy:Zawiera"}, {"header": "Wartość odżywcza", "content": "W 100 gWartość energetyczna261 kcalTłuszcz15.5 gw tym kwasy tłuszczowe nasycone9.8 gWęglowodany25.7 gw tym cukry22.9 gBłonnik0.3 gBiałko4.5 gSól0.2 g"}, {"header": "Pozostałe informacje", "content": "Nazwa wymagana prawnie:Lody śmietankowe."}], "images": ["data/images/5b7604f7c1f3c8da9465dbbafd4e5c31.jpg"], "absolute_path": "Mrożone/Lody/Produkt 1"}
{"name": "Produkt 2", "url": "https://zakupy.biedronka.pl/go-vege-go-vege-majonez-salatkowy-weganski-280-g-0000007601.html", "title": "Go Vege Majonez sałatkowy wegański 280 g", "brand": "Go Vege", "price": "3.89 PLN", "packaging_details": "0.28kg- 13,89 zł / kg", "description_sections": [{"header": "Składniki i alergeny", "content": "Składniki:woda, olej rzepakowy (30%),musztarda(woda, ocet spirytusowy,gorczyca, cukier, sól, przyprawy), skrobie modyfikowane, ocet winny biały, cukier, sól, stabilizator: guma ksantanowa; koncentrat soku z cytryny, aromaty naturalne, przeciwutleniacz: E 385.Alergeny:Gorczyca i produkty pochodneInne informacje o zawartości produktu:Zawiera surowce GMO:Nie, \n\nZawiera przeciwutleniacze:Tak, \n\nZawiera aromaty:Tak, \n\nDodatki zawarte w produkcie (E-symbole):E385 Sól wapniowo -disodowa kwasu etylenodiaminotetraoctowego, E415 Guma ksantanowa, \n\nFunkcje dodatków obecnych w produkcie (zadeklarowanych jako dodatki lub numery E):Stabilizator, Przeciwutleniacz"}, {"header": "Wartość odżywcza", "content": "W 100 gWartość energetyczna kcal312 kcalZawartość tłuszczów (ogólnie)30 gKwasy tłuszczowe nasycone2.3 gZawartość węglowodanów9.2 gCukry4.1 gZawartość błonnika0 gZawartość białek0 gZawartość soli1.13 g"}, {"header": "Pozostałe informacje", "content": "Dystrybutor:Jeronimo Martins Polska S.A.Żniwna 5 62-025 KostrzynNazwa wymagana prawnie:Majonez sałatkowy wegański. Produkt bezglutenowy i odpowiedni dla wegan."}], "images": ["data/images/e0028b915febb2ec0a75a46bb15c9ee0.jpg"], "absolute_path": "Artykuły spożywcze/Produkty w słoikach/Majonez/Produkt 2"}
{"name": "Produkt 4", "url": "https://zakupy.biedronka.pl/hellmanns-hellmanns-majonez-babuni-405-ml-0000009788.html", "title": "Hellmann's Majonez Babuni 405 ml", "brand": "Hellmann's", "price": "13.49 PLN", "packaging_details": "0.405l- 33,31 zł / l", "description_sections": [{"header": "Opis produktu", "content": "tradycyjny polski smakz jajek z dobrego chowuWiem, co wybieram - zgodnie z międzynarodowymi zaleceniami żywieniowymiźródło kwasów tłuszczowych omega 3nie zawiera konserwantówteraz nowa receptura"}, {"header": "Składniki i alergeny", "content": "Składniki:olej rzepakowy, woda, ocet, żółtko JAJA kurzego1 (4,3%), cukier,musztarda(woda,GORCZYCA,ocet,sól, aromaty, przyprawy), sól, skrobia modyfikowana, aromat, przeciwutleniacz: sól wapniowo-disodowa EDT,A; barwnik: karoteny. 1Jaja z chowu na wolnym wybiegu"}, {"header": "Pozostałe informacje", "content": "Kraj pochodzenia:PolskaKraj pochodzenia zależy od konkretnej partii produktu jaka znajduje się w sklepie. Informację o kraju pochodzenia znajdziesz na opakowaniu. Możesz również dodać komentarz z preferowanym typem produktu w koszyku lub wiadomości dla shoppera (np. “prosze o pomidory polskie”).Nazwa wymagana prawnie:Hellmann's Majonez Babuni 405ml"}], "images": ["data/images/b7357c1810d71be7440ee2e837dd40e2.jpg"], "absolute_path": "Artykuły spożywcze/Produkty w słoikach/Majonez/Produkt 4"}
{"name": "Produkt 1", "url": "https://zakupy.biedronka.pl/winiary-winiary-majonez-lekki-300-ml-0000008794.html", "title": "Winiary Majonez lekki 300 ml", "brand": "Winiary", "price": "6.99 PLN", "packaging_details": "0.3l- 23,30 zł / l", "description_sections": [{"header": "Opis produktu", "content": "Majonez lekkiSmaczny, o lekkiej konsystencji i obniżonej zawartości tłuszczu o minimum 51 % *.Znakomity jako dodatek do sałatek, kanapek i jajek. Idealny dla osób dbających o linię.Smacznego!*W porównaniu do dwóch wiodących marek majonezów na rynku."}, {"header": "Składniki i alergeny", "content": "Składniki:woda,olej rzepakowy,żółtkojaja5,0 %,cukier,skrobia kukurydziana,musztarda(woda,gorczyca, ocet, sól, cukier, przyprawy, aromat),ocet,sól,regulatory kwasowości (kwas fosforowy, kwas cytrynowy),aromat,czosnek,substancja konserwująca (sorbinian potasu),przeciwutleniacz (sól wapniowo-disodowa EDTA),barwnik (kurkumina)"}, {"header": "Pozostałe informacje", "content": "Nazwa wymagana prawnie:Majonez lekki."}], "images": ["data/images/7defe987e6163a9d38939fe838fc2515.jpg"], "absolute_path": "Artykuły spożywcze/Produkty w słoikach/Majonez/Produkt 1"}
{"name": "Produkt 1", "url": "https://zakupy.biedronka.pl/kamis-kamis-musztarda-sarepska-185-g-0000006571.html", "title": "Kamis Musztarda sarepska 185 g", "brand": "Kamis", "price": "3.49 PLN", "packaging_details": "0.185kg- 18,86 zł / kg", "description_sections": [{"header": "Opis produktu", "content": "Musztarda sarepska - umiarkowanie ostra o tradycyjnym smaku, gęstej konsystencji i stonowanej barwie z widocznymi ciemnymi kawałeczkami gorczycy. Niezastąpiona jako dodatek do gorących dań mięsnych, wędlin i serów oraz jako składnik sosów do mięs i sałatek."}, {"header": "Składniki i alergeny", "content": "Składniki:Woda,gorczyca, ocet spirytusowy, cukier, sól, przyprawy, estragon, barwnik: kurkumina. Może zawierać zboża zawierające gluten.Alergeny:Gorczyca i produkty pochodneInne informacje o zawartości produktu:Zawiera surowce GMO:Nie, \n\nZawiera barwniki:Tak, \n\nZawiera substancje konserwujące:Nie"}, {"header": "Wartość odżywcza", "content": "W 100 gWartość energetyczna kcal101 kcalZawartość tłuszczów (ogólnie)5.1 gKwasy tłuszczowe nasycone0.3 gZawartość węglowodanów8.3 gCukry6.9 gZawartość białek3.7 gZawartość soli2.52 g"}, {"header": "Pozostałe informacje", "content": "Kraj pochodzenia:PolskaKraj pochodzenia zależy od konkretnej partii produktu jaka znajduje się w sklepie. Informację o kraju pochodzenia znajdziesz na opakowaniu. Możesz również dodać komentarz z preferowanym typem produktu w koszyku lub wiadomości dla shoppera (np. “prosze o pomidory polskie”).Producent:McCormick Polska S.A.\nStefanowo,\nul. Malinowa 18\\20\n05-552 Wólka KosowskaDystrybutor:McCormick Polska S.A.ul. Malinowa 18/20 05-552 Wólka Kosowskamccormick@pl.mccormick.comImporter:McCormick Polska S.A.ul. Malinowa 18/20 05-552 Wólka Kosowska PLmccormick@pl.mccormick.comNazwa wymagana prawnie:Musztarda sarepska"}], "images": ["data/images/cd17b45d515514c4c85d226e724bc534.jpg"], "absolute_path": "Artykuły spożywcze/Produkty w słoikach/Musztarda/Produkt 1"}
{"name": "Produkt 3", "url": "https://zakupy.biedronka.pl/winiary-winiary-majonez-dekoracyjny-250-ml-0000000297.html", "title": "Winiary Majonez Dekoracyjny 250 ml", "brand": "Winiary", "price": "5.99 PLN", "packaging_details": "0.25l- 23,96 zł / l", "description_sections": [{"header": "Opis produktu", "content": "Majonez Dekoracyjny Winiary to gęsty, kremowy majonez, o doskonałej jakości i wyjątkowym smaku. Smak i kremowa konsystencja niezmienne od lat dzięki tradycyjnej recepturze i stałej trosce o najwyższej jakości składniki sprawiają że należy do najchętniej kupowanych produktów w Polsce.Majonez Dekoracyjny podkreśla i urozmaica smak potraw i jest doskonałym dodatkiem do jajek, sałatek, zimnych przystawek. Zainspiruj się smakiem Majonezu Dekoracyjnego!Majonez Dekoracyjny Winiary:- podkreśla i urozmaica smak codziennych potraw- bez sztucznych aromatów, bez barwników, bez dodatku konserwantów- dostępny w słoiku o różnej pojemności oraz w wygodnej plastikowej butelce"}, {"header": "Składniki i alergeny", "content": "Składniki:olej rzepakowy,żółtkojaja6,0%,ocet,musztarda(woda,gorczyca, ocet, sól, cukier, przyprawy, aromat),cukier,sól,przyprawy,przeciwutleniacz (E 385),regulator kwasowości (kwas cytrynowy)"}, {"header": "Przechowywanie i sposób przygotowania", "content": "Sposób podania:do sałatek, kanapek, jaj, wędlin na zimno."}, {"header": "Pozostałe informacje", "content": "Kraj pochodzenia:PolskaKraj pochodzenia zależy od konkretnej partii produktu jaka znajduje się w sklepie. Informację o kraju pochodzenia znajdziesz na opakowaniu. Możesz również dodać komentarz z preferowanym typem produktu w koszyku lub wiadomości dla shoppera (np. “prosze o pomidory polskie”).Dystrybutor:Jeronimo Martins Polska S.A.Żniwna 5 62-025 Kostrzyn PLImporter:Jeronimo Martins Polska S.A.Żniwna 5 62-025 Kostrzyn PLNazwa wymagana prawnie:WINIARY Majonez Dekoracyjny 250ml"}], "images": ["data/images/ce79cf0172ab5e70511bed8230e3f296.jpg"], "absolute_path": "Artykuły spożywcze/Produkty w słoikach/Majonez/Produkt 3"}
{"name": "Produkt 2", "url": "https://zakupy.biedronka.pl/kamis-kamis-musztarda-delikatesowa-185-g-0000001725.html", "title": "Kamis Musztarda delikatesowa 185 g", "brand": "Kamis", "price": "3.49 PLN", "packaging_details": "0.185kg- 18,86 zł / kg", "description_sections": [{"header": "Opis produktu", "content": "Musztarda delikatesowa jest łagodna, o gładkiej jednolitej konsystencji i wykwintnym słodkawo - kremowym smaku. Jej wspaniały aromat, charakteryzuje się wyraźnie wyczuwalnym zapachem ziół. Doskonały dodatek do wędlin, drobiu, serów, dipów i dresingów."}, {"header": "Składniki i alergeny", "content": "Składniki:woda,gorczyca, cukier, ocet jabłkowy, ocet spirytusowy, sól, przyprawy, barwnik: kurkumina. Może zawierać zboża zawierające gluten."}, {"header": "Pozostałe informacje", "content": "Kraj pochodzenia:PolskaKraj pochodzenia zależy od konkretnej partii produktu jaka znajduje się w sklepie. Informację o kraju pochodzenia znajdziesz na opakowaniu. Możesz również dodać komentarz z preferowanym typem produktu w koszyku lub wiadomości dla shoppera (np. “prosze o pomidory polskie”).Dystrybutor:Jeronimo Martins Polska S.A.Żniwna 5 62-025 Kostrzyn PLImporter:Jeronimo Martins Polska S.A.Żniwna 5 62-025 Kostrzyn PLNazwa wymagana prawnie:Musztarda delikatesowa"}], "images": ["data/images/b10b8454f9ffe4ed394f4120cb76b405.jpg"], "absolute_path": "Artykuły spożywcze/Produkty w słoikach/Musztarda/Produkt 2"}
{"name": "Produkt 4", "url": "https://zakupy.biedronka.pl/kamis-kamis-musztarda-rosyjska-180-g-0000001726.html", "title": "Kamis Musztarda rosyjska 180 g", "brand": "Kamis", "price": "3.49 PLN", "packaging_details": "0.18kg- 18,86 zł / kg", "description_sections": [{"header": "Opis produktu", "content": "Musztarda rosyjska charakteryzuje się bardzo ostrym smakiem, osiągniętym dzięki dodaniu specjalnego gatunku wyjątkowo ostrej gorczycy. Doskonała do dań mięsnych, wędlin, sosów i serów."}, {"header": "Składniki i alergeny", "content": "Składniki:woda,gorczyca, ocet spirytusowy, cukier, sól, ekstrakt z papryki. Może zawierać zboża zawierające gluten."}, {"header": "Pozostałe informacje", "content": "Kraj pochodzenia:PolskaKraj pochodzenia zależy od konkretnej partii produktu jaka znajduje się w sklepie. Informację o kraju pochodzenia znajdziesz na opakowaniu. Możesz również dodać komentarz z preferowanym typem produktu w koszyku lub wiadomości dla shoppera (np. “prosze o pomidory polskie”).Dystrybutor:Jeronimo Martins Polska S.A.Żniwna 5 62-025 Kostrzyn PLImporter:Jeronimo Martins Polska S.A.Żniwna 5 62-025 Kostrzyn PLNazwa wymagana prawnie:Musztarda rosyjska"}], "images": ["data/images/9f98b4ce8521fc3c9a75b433cc15329f.jpg"], "absolute_path": "Artykuły spożywcze/Produkty w słoikach/Musztarda/Produkt 4"}
{"name": "Produkt 3", "url": "https://zakupy.biedronka.pl/kamis-kamis-musztarda-staropolska-185-g-0000022545.html", "title": "Kamis Musztarda staropolska 185 g", "brand": "Kamis", "price": "3.49 PLN", "packaging_details": "0.185kg- 18,86 zł / kg", "description_sections": [{"header": "Opis produktu", "content": "Świetnie nadaje się do kiełbas, mięs oraz dań kuchni polskiej."}, {"header": "Składniki i alergeny", "content": "Składniki:woda,gorczyca, ocet spirytusowy, cukier, sól, przyprawy, majeranekAlergeny:Gorczyca i produkty pochodneInne informacje o zawartości produktu:Zawiera surowce GMO:Nie, \n\nZawiera substancje konserwujące:Nie"}, {"header": "Wartość odżywcza", "content": "W 100 gWartość energetyczna kcal157 kcalZawartość tłuszczów (ogólnie)6.7 gKwasy tłuszczowe nasycone0.4 gZawartość węglowodanów18 gCukry16 gZawartość białek4.9 gZawartość soli2.4 g"}, {"header": "Pozostałe informacje", "content": "Kraj pochodzenia:PolskaKraj pochodzenia zależy od konkretnej partii produktu jaka znajduje się w sklepie. Informację o kraju pochodzenia znajdziesz na opakowaniu. Możesz również dodać komentarz z preferowanym typem produktu w koszyku lub wiadomości dla shoppera (np. “prosze o pomidory polskie”).Nazwa wymagana prawnie:Musztarda staropolska 185 g"}], "images": ["data/images/da0daa1253dc60c9003a89357d671db0.jpg"], "absolute_path": "Artykuły spożywcze/Produkty w słoikach/Musztarda/Produkt 3"}
{"name": "Produkt 2", "url": "https://zakupy.biedronka.pl/madero-madero-chrzan-tarty-do-wedlin-mies-i-sosow-160-g-0000000207.html", "title": "Madero Chrzan tarty do wędlin, mięs i sosów 160 g", "brand": "Madero", "price": "2.95 PLN", "packaging_details": "0.16kg- 18,44 zł / kg", "description_sections": [{"header": "Składniki i alergeny", "content": "Składniki:korzeń chrzanu (60%), woda, olej roślinny rzepakowy, ocet spirytusowy, cukier, sól, regulator kwasowości - kwas cytrynowy, substancja konserwująca - pirosiarczyn sodu"}, {"header": "Przechowywanie i sposób przygotowania", "content": "Sposób podania:Do wędlin, mięs i sosów"}, {"header": "Pozostałe informacje", "content": "Nazwa wymagana prawnie:Chrzan tarty"}], "images": ["data/images/68ad41ad947057d1054cebf0591595fe.jpg", "data/images/a39c01b538e417db699fd6adbdc00f17.jpg", "data/images/057d98384f4c6c7566a68c0a10df0647.jpg"], "absolute_path": "Artykuły spożywcze/Produkty w słoikach/Chrzan/Produkt 2"}
{"name": "Produkt 1", "url": "https://zakupy.biedronka.pl/krakus-krakus-chrzan-180-g-0000006396.html", "title": "Krakus Chrzan 180 g", "brand": "Krakus", "price": "3.49 PLN", "packaging_details": "0.18kg- 19,39 zł / kg", "description_sections": [{"header": "Opis produktu", "content": "Ze świeżego chrzanuKremowa konsystencja z wyczuwalnymi chrzanowymi wiórkami. Swą wyrafinowaną ostrością wzbogaca smak mięs i wędlin."}, {"header": "Składniki i alergeny", "content": "Składniki:korzeń chrzanu (60 %),woda,olej rzepakowy,ocet spirytusowy,cukier,sól,regulator kwasowości: kwas cytrynowy,przeciwutleniacz: pirosiarczyn soduAlergeny:Zawiera Dwutlenek siarki / siarczynyInne informacje o zawartości produktu:Przeciwutleniacze:Zawiera"}, {"header": "Wartość odżywcza", "content": "W 100 gWartość energetyczna157 kcalTłuszcz9.8 gw tym kwasy tłuszczowe nasycone0.7 gWęglowodany12 gw tym cukry9.5 gBiałko2.7 gSól1.4 g"}, {"header": "Przechowywanie i sposób przygotowania", "content": "Sposób podania:Wyciek wody jest naturalną cechą produktu. Przed użyciem wymieszaj."}, {"header": "Pozostałe informacje", "content": "Producent:MW FOOD Sp. z o.o.\nul. Chopina 10,\n34-100 WadowiceDystrybutor:MW FOOD Sp. z o.o.ul. Chopina 10 34-100 WadowiceNazwa wymagana prawnie:Chrzan tarty."}], "images": ["data/images/8af84508529887294b22fa0e655b5c38.jpg"], "absolute_path": "Artykuły spożywcze/Produkty w słoikach/Chrzan/Produkt 1"}
{"name": "Produkt 3", "url": "https://zakupy.biedronka.pl/huzar-huzar-miod-gryczany-nektarowy-1-kg-0000006494.html", "title": "Huzar Miód gryczany nektarowy 1 kg", "brand": "Huzar", "price": "28.89 PLN", "packaging_details": "1kg- 28,89 zł / kg", "description_sections": [{"header": "Wartość odżywcza", "content": "W 100 gWartość energetyczna327 kcalTłuszcz0 gw tym kwasy tłuszczowe nasycone0 gWęglowodany81 gw tym cukry76 gBiałko0.5 gSól0 g"}, {"header": "Pozostałe informacje", "content": "Producent:\"HUZAR\" Sp. z o.o.\nul. Tarnowska 161\n33-300 Nowy Sącz\nwww.miody-huzar.plDystrybutor:\"HUZAR\" Sp. z o.o.ul. Tarnowska 161 33-300 Nowy SączNazwa wymagana prawnie:Miód nektarowy gryczany."}], "images": ["data/images/4e5af74401b2adffec248dca9d333d30.jpg"], "absolute_path": "Artykuły spożywcze/Produkty w słoikach/Miód/Produkt 3"}
{"name": "Produkt 1", "url": "https://zakupy.biedronka.pl/gobio-go-bio-ekologiczny-kanadyjski-syrop-klonowy-189-ml-0000008211.html", "title": "Go Bio ekologiczny kanadyjski syrop klonowy 189 ml", "brand": "goBIO", "price": "18.89 PLN", "packaging_details": "0.189l- 99,95 zł / l", "description_sections": [{"header": "Opis produktu", "content": "Syrop klonowy jest otrzymywany poprzez odparowanie wody z soku pobieranego z pnia klonu. Nie zawiera konserwantów, jest bogaty w cukry, sole mineralne, witaminy i podobnie jak miód ma właściwości bakteriobójcze. Jest przy tym znacznie mniej kaloryczny niż cukier i miód. Ma bursztynową barwę, gęstą konsystencję i słodki, lekko przydymiony smak.Syrop klonowy używany jest przede wszystkim jako polewa do naleśników. Jest doskonałym dodatkiem do owoców, tostów, ciast, lodów, jogurtu, płatków śniadaniowych, sałatek, sosów i dipów."}, {"header": "Składniki i alergeny", "content": "Składniki:organiczny syrop klonowy z Kanady 100%."}, {"header": "Pozostałe informacje", "content": "Kraj pochodzenia:KanadaKraj pochodzenia zależy od konkretnej partii produktu jaka znajduje się w sklepie. Informację o kraju pochodzenia znajdziesz na opakowaniu. Możesz również dodać komentarz z preferowanym typem produktu w koszyku lub wiadomości dla shoppera (np. “prosze o pomidory polskie”).Nazwa wymagana prawnie:Organiczny syrop klonowy z Kanady. Klasa A"}], "images": ["data/images/c4588ae24a0b0fe3b35d1807cc245129.jpg"], "absolute_path": "Artykuły spożywcze/Produkty w słoikach/Miód/Produkt 1"}
{"name": "Produkt 2", "url": "https://zakupy.biedronka.pl/huzar-huzar-miod-lipowy-nektarowy-1-kg-0000006495.html", "title": "Huzar Miód lipowy nektarowy 1 kg", "brand": "Huzar", "price": "28.89 PLN", "packaging_details": "1kg- 28,89 zł / kg", "description_sections": [{"header": "Wartość odżywcza", "content": "W 100 gWartość energetyczna340 kcalTłuszcz0 gw tym kwasy tłuszczowe nasycone0 gWęglowodany84 gw tym cukry67 gBiałko0.5 gSól0 g"}, {"header": "Pozostałe informacje", "content": "Producent:\"HUZAR\" Sp. z o.o.\nul. Tarnowska 161\n33-300 Nowy Sącz\nwww.miody-huzar.plDystrybutor:\"HUZAR\" Sp. z o.o.ul. Tarnowska 161 33-300 Nowy SączNazwa wymagana prawnie:Miód nektarowy lipowy."}], "images": ["data/images/2eac778f2b0597776dc7162634e967a8.jpg"], "absolute_path": "Artykuły spożywcze/Produkty w słoikach/Miód/Produkt 2"}
{"name": "Produkt 4", "url": "https://zakupy.biedronka.pl/zlota-pasieka-zlota-pasieka-miod-lipowy-z-europejskich-pasiek-400-g-0000002667.html", "title": "Złota Pasieka Miód lipowy z europejskich pasiek 400 g", "brand": "Złota Pasieka", "price": "14.99 PLN", "packaging_details": "0.4kg- 37,48 zł / kg", "description_sections": [{"header": "Składniki i alergeny", "content": "Składniki:miód pszczeli lipowy nektarowy"}, {"header": "Pozostałe informacje", "content": "Nazwa wymagana prawnie:Miód pszczeli lipowy nektarowy"}], "images": ["data/images/11c57c1e48b5d84992d5e3270c069fce.jpg", "data/images/6873cf636ea257411bcd644914f677cc.jpg"], "absolute_path": "Artykuły spożywcze/Produkty w słoikach/Miód/Produkt 4"}
{"name": "Produkt 5", "url": "https://zakupy.biedronka.pl/huzar-huzar-miod-nektarowo-spadziowy-1-kg-0000006493.html", "title": "Huzar Miód nektarowo-spadziowy 1 kg", "brand": "Huzar", "price": "28.89 PLN", "packaging_details": "1kg- 28,89 zł / kg", "description_sections": [{"header": "Wartość odżywcza", "content": "W 100 gWartość energetyczna333 kcalTłuszcz0 gw tym kwasy tłuszczowe nasycone0 gWęglowodany83 gw tym cukry72 gBiałko0.5 gSól0 g"}, {"header": "Pozostałe informacje", "content": "Producent:\"HUZAR\" Sp. z o.o.\nul. Tarnowska 161\n33-300 Nowy Sącz\nwww.miody-huzar.plDystrybutor:\"HUZAR\" Sp. z o.o.ul. Tarnowska 161 33-300 Nowy SączNazwa wymagana prawnie:Huzar Miód nektarowo-spadziowy."}], "images": ["data/images/215d86c60a146d01f802997de560596a.jpg"], "absolute_path": "Artykuły spożywcze/Produkty w słoikach/Miód/Produkt 5"}
{"name": "Produkt 5", "url": "https://zakupy.biedronka.pl/lowicz-lowicz-dzem-100-owocow-czarna-porzeczka-210-g-0000006674.html", "title": "Łowicz Dżem 100 % owoców czarna porzeczka 210 g", "brand": "Łowicz", "price": "8.79 PLN", "packaging_details": "0.21kg- 39,95 zł / kg", "description_sections": [{"header": "Składniki i alergeny", "content": "Składniki:czarne porzeczki (100 g czarnych porzeczek zużyto na 100 g produktu),cukry pochodzące z owoców,substancja żelująca - pektyny"}, {"header": "Wartość odżywcza", "content": "W 100 gWartość energetyczna132 kcalTłuszcz0.5 gw tym kwasy tłuszczowe nasycone0.1 gWęglowodany28 gw tym cukry28 gBiałko1.1 gSól0 g"}, {"header": "Pozostałe informacje", "content": "Producent:MW FOOD Sp. z o.o.\nul. Chopina 10,\n34-100 Wadowice\nwww.mojlowicz.plDystrybutor:MW FOOD Sp. z o.o.ul. Chopina 10 34-100 WadowiceNazwa wymagana prawnie:Dżem z czarnych porzeczek o obniżonej zawartości cukrów*. Pasteryzowany.*Produkt zawiera ponad 30 % mniej cukrów niż dżemy o łącznej zawartości cukrów 60 g na 100 g produktu."}], "images": ["data/images/9a4760e09c9adf2c9ceec004c71e0126.jpg"], "absolute_path": "Artykuły spożywcze/Produkty w słoikach/Dżem/Produkt 5"}
{"name": "Produkt 3", "url": "https://zakupy.biedronka.pl/lowicz-lowicz-dzem-truskawkowy-o-obnizonej-zawartosci-cukrow-280-g-0000015932.html", "title": "Łowicz Dżem truskawkowy o obniżonej zawartości cukrów 280 g", "brand": "Łowicz", "price": "6.49 PLN", "packaging_details": "0.28kg- 23,18 zł / kg", "description_sections": [{"header": "Opis produktu", "content": "W Łowiczu mamy sprawdzone receptury na Twoje ulubione dżemy: z kawałkami owoców, intensywne w smaku.Robimy je przecież od 50 lat!Nasze owocowe menu: naleśniki zawijańce, złote grzaneczki"}, {"header": "Składniki i alergeny", "content": "Składniki:truskawki (40%), cukier, woda, substancja żelująca – pektyny, substancja zagęszczająca - guma guar, regulatory kwasowości - kwas cytrynowy i cytryniany sodu, przeciwutleniacz - kwas askorbinowySporządzono z 40 g owoców na 100 g produktu"}, {"header": "Pozostałe informacje", "content": "Kraj pochodzenia:PolskaKraj pochodzenia zależy od konkretnej partii produktu jaka znajduje się w sklepie. Informację o kraju pochodzenia znajdziesz na opakowaniu. Możesz również dodać komentarz z preferowanym typem produktu w koszyku lub wiadomości dla shoppera (np. “prosze o pomidory polskie”).Dystrybutor:Jeronimo Martins Polska S.A.Żniwna 5 62-025 Kostrzyn PLImporter:Jeronimo Martins Polska S.A.Żniwna 5 62-025 Kostrzyn PLNazwa wymagana prawnie:Dżem truskawkowy o obniżonej zawartości cukrów pasteryzowany"}], "images": ["data/images/1777baf7e7745f3193f70ed9e9df624f.jpg"], "absolute_path": "Artykuły spożywcze/Produkty w słoikach/Dżem/Produkt 3"}
{"name": "Produkt 2", "url": "https://zakupy.biedronka.pl/lowicz-lowicz-dzem-100-owocow-malina-z-czerwona-porzeczka-210-g-0000006671.html", "title": "Łowicz Dżem 100 % owoców malina z czerwoną porzeczką 210 g", "brand": "Łowicz", "price": "8.79 PLN", "packaging_details": "0.21kg- 39,95 zł / kg", "description_sections": [{"header": "Składniki i alergeny", "content": "Składniki:maliny (70 g malin na 100 g produktu),cukry pochodzące z owoców,czerwone porzeczki (30 g czerwonych porzeczek na 100 g produktu),substancja żelująca - pektyny,Sporządzono ze 100 g owoców na 100 g produktu"}, {"header": "Wartość odżywcza", "content": "W 100 gWartość energetyczna140 kcalTłuszcz0.5 gw tym kwasy tłuszczowe nasycone0.1 gWęglowodany29 gw tym cukry29 gBiałko1.5 gSól0.02 g"}, {"header": "Pozostałe informacje", "content": "Producent:MW FOOD Sp. z o.o.\nul. Chopina 10,\n34-100 Wadowice\nwww.mojlowicz.plDystrybutor:MW FOOD Sp. z o.o.ul. Chopina 10 34-100 WadowiceNazwa wymagana prawnie:Dżem z malin i czerwonych porzeczek o obniżonej zawartości cukrów.* Pasteryzowany.*Produkt zawiera ponad 30 % mniej cukrów niż dżemy o łącznej zawartości cukrów 60 g na 100 g produktu."}], "images": ["data/images/fdee7a880901bb5d15cb7bee96cd7ab9.jpg"], "absolute_path": "Artykuły spożywcze/Produkty w słoikach/Dżem/Produkt 2"}
{"name": "Produkt 1", "url": "https://zakupy.biedronka.pl/lowicz-lowicz-dzem-100-owocow-truskawka-210-g-0000006672.html", "title": "Łowicz Dżem 100 % owoców truskawka 210 g", "brand": "Łowicz", "price": "8.79 PLN", "packaging_details": "0.21kg- 39,95 zł / kg", "description_sections": [{"header": "Składniki i alergeny", "content": "Składniki:truskawki (100 g truskawek zużyto na 100 g produktu),cukry pochodzące z owoców,zagęszczony sok cytrynowy do korekty smaku kwaśnego,substancja żelująca - pektyny,Sporządzono ze 100 g owoców na 100 produktu"}, {"header": "Wartość odżywcza", "content": "W 100 gWartość energetyczna142 kcalTłuszcz0.5 gw tym kwasy tłuszczowe nasycone0.1 gWęglowodany33 gw tym cukry33 gBiałko0.7 gSól0 g"}, {"header": "Pozostałe informacje", "content": "Producent:MW FOOD Sp. z o.o.\nul. Chopina 10,\n34-100 Wadowice\nwww.mojlowicz.plDystrybutor:MW FOOD Sp. z o.o.ul. Chopina 10 34-100 WadowiceNazwa wymagana prawnie:Dżem z truskawek o obniżonej zawartości cukrów*. Pasteryzowany.*Produkt zawiera ponad 30 % mniej cukrów niż dżemy o łącznej zawartości cukrów 60 g na 100 g produktu."}], "images": ["data/images/55bf924ae38be303710a13ff83cdd215.jpg"], "absolute_path": "Artykuły spożywcze/Produkty w słoikach/Dżem/Produkt 1"}
{"name": "Produkt 4", "url": "https://zakupy.biedronka.pl/rapsodia-rapsodia-dzem-morelowy-slodzony-ksylitolem-250-g-0000015378.html", "title": "Rapsodia Dżem morelowy słodzony ksylitolem 250 g", "brand": "Rapsodia", "price": "7.29 PLN", "packaging_details": "0.25kg- 29,16 zł / kg", "description_sections": [{"header": "Składniki i alergeny", "content": "Składniki:morele 50%, woda, substancja słodząca - ksylitol 27%, substancja żelująca - pektyny, regulator kwasowości - kwas cytrynowy, przeciwutleniacz - kwas askorbinowy.Inne informacje o zawartości produktu:Zawiera surowce GMO:Nie, \n\nInformacje szczegółowe dotyczące środków słodzących:spożycie w nadmiernych ilościach może mieć efekt przeczyszczający, zawiera substancję słodzącą, \n\nZawiera przeciwutleniacze:Tak"}, {"header": "Wartość odżywcza", "content": "W 100 gWartość energetyczna kcal88 kcalZawartość tłuszczów (ogólnie)0.5 gKwasy tłuszczowe nasycone0 gZawartość węglowodanów31 gCukry3 gAlkohole wielowodorotlenowe - poliole26 gZawartość błonnika1 gZawartość białek0.6 gZawartość soli0.03 g"}, {"header": "Pozostałe informacje", "content": "Producent:STOVIT GROUP Sp. z o.o.Dystrybutor:Jeronimo Martins Polska S.A.Żniwna 5 62-025 KostrzynImporter:Jeronimo Martins Polska S.A.Żniwna 5 62-025 Kostrzyn PLNazwa wymagana prawnie:Dżem z moreli bez dodatku cukrów. Zawiera substancję słodzącą. Produkt pasteryzowany. Sporządzono z 50g owoców na 100g produktu."}], "images": ["data/images/fa787477c4d4d43c796c2d383babf802.jpg", "data/images/9adab8b844b89cd5bc3eabec47532c54.jpg", "data/images/3dbbad4e2a176da325efbb22533b0df6.jpg"], "absolute_path": "Artykuły spożywcze/Produkty w słoikach/Dżem/Produkt 4"}
{"name": "Produkt 10", "url": "https://zakupy.biedronka.pl/lowicz-lowicz-konfitura-extra-z-wisni-obnizonej-zawartosci-cukrow-240-g-0000009061.html", "title": "Łowicz Konfitura extra z wiśni obniżonej zawartości cukrów 240 g", "brand": "Łowicz", "price": "6.79 PLN", "packaging_details": "0.24kg- 28,29 zł / kg", "description_sections": [{"header": "Opis produktu", "content": "Ktoś policzył, że jedno drzewo wiśni może wydać ok. 800 owoców. Co prawda nie liczyliśmy ile sztuk tych bordowych owoców mieści się w słoiku, ale możemy zapewnić, że Konfitura Łowicz to całe owoce wiśni zanurzone w gęstym, bordowym, owocowym syropie. Ma doskonały smak, kolor, aromat i jak wszystkie konfitury Łowicz jest produktem niskosłodzonym."}, {"header": "Składniki i alergeny", "content": "Składniki:wiśnie, cukier, substancja żelująca – pektyny, substancje zagęszczające - guma guar i guma ksantanowa, regulator kwasowości - kwas cytrynowy Sporządzono z 70 g owoców na 100 g produktuInne informacje o zawartości produktu:Zawiera surowce GMO:Nie, \n\nOsłonka niejadalna:Nie, \n\nInformacje szczegółowe dotyczące środków słodzących:Nie, \n\nZawiera lukrecję:Nie, \n\nZawiera chininę:Nie, \n\nZawiera taurynę:Nie, \n\nZawiera przeciwutleniacze:Nie, \n\nZawiera wzmacniacze smaku:Nie, \n\nZawiera fosforany:Nie, \n\nZawiera siarczyny:Nie, \n\nZawiera barwniki:Nie, \n\nZawiera substancje konserwujące:Nie, \n\nZawiera kofeinę:Nie, \n\nŚrodki spozywcze z dodatkiem fitosteroli, estrów fitosteroli, fitostanoli lub estrów fitostanoli:Nie"}, {"header": "Wartość odżywcza", "content": "W 100 gWartość energetyczna kcal171 kcalZawartość tłuszczów (ogólnie)0.5 gKwasy tłuszczowe nasycone0.1 gZawartość węglowodanów41 gCukry41 gZawartość białek0.6 gZawartość soli0 g"}, {"header": "Pozostałe informacje", "content": "Kraj pochodzenia:PolskaKraj pochodzenia zależy od konkretnej partii produktu jaka znajduje się w sklepie. Informację o kraju pochodzenia znajdziesz na opakowaniu. Możesz również dodać komentarz z preferowanym typem produktu w koszyku lub wiadomości dla shoppera (np. “prosze o pomidory polskie”).Producent:Agros Nova Food Sp. z o.o. Sp. k.\nal. Stanów Zjednoczonych 61A\n04-028 WarszawaDystrybutor:MW FOOD Sp. z o.o. Sp. k.Chopina 10 34-100 Wadowicemaspex@maspex.comNazwa wymagana prawnie:Konfitura ekstra z wiśni obniżonej zawartości cukrów. Pasteryzowana"}], "images": ["data/images/2834f842bf62804ad7befaa67afd716f.jpg"], "absolute_path": "Artykuły spożywcze/Produkty w słoikach/Dżem/Produkt 10"}
{"name": "Produkt 8", "url": "https://zakupy.biedronka.pl/lowicz-lowicz-dzem-z-czarnych-porzeczek-o-obnizonej-zawartosci-cukrow-280-g-0000016298.html", "title": "Łowicz Dżem z czarnych porzeczek o obniżonej zawartości cukrów 280 g", "brand": "Łowicz", "price": "6.49 PLN", "packaging_details": "0.28kg- 23,18 zł / kg", "description_sections": [{"header": "Opis produktu", "content": "W Łowiczu mamy sprawdzone receptury na Twoje ulubione dżemy: z kawałkami owoców, intensywne w smaku.Robimy je przecież od 50 lat!Nasze owocowe menu: chrupkie tosty, ciasteczka owsiane"}, {"header": "Składniki i alergeny", "content": "Składniki:czarne porzeczki (35%), woda, cukier, substancja żelująca – pektyny, substancja zagęszczająca - guma guar, regulatory kwasowości - kwas cytrynowy i cytryniany soduSporządzono z 35 g owoców na 100 g produktu"}, {"header": "Pozostałe informacje", "content": "Kraj pochodzenia:PolskaKraj pochodzenia zależy od konkretnej partii produktu jaka znajduje się w sklepie. Informację o kraju pochodzenia znajdziesz na opakowaniu. Możesz również dodać komentarz z preferowanym typem produktu w koszyku lub wiadomości dla shoppera (np. “prosze o pomidory polskie”).Dystrybutor:Jeronimo Martins Polska S.A.Żniwna 5 62-025 Kostrzyn PLImporter:Jeronimo Martins Polska S.A.Żniwna 5 62-025 Kostrzyn PLNazwa wymagana prawnie:Dżem z czarnych porzeczek o obniżonej zawartości cukrów pasteryzowany"}], "images": ["data/images/265e5c3e6fad00e5e10916011d8fd465.jpg"], "absolute_path": "Artykuły spożywcze/Produkty w słoikach/Dżem/Produkt 8"}
{"name": "Produkt 7", "url": "https://zakupy.biedronka.pl/lowicz-lowicz-konfitura-extra-z-truskawek-o-obnizonej-zawartosci-cukrow-240-g-0000009062.html", "title": "Łowicz Konfitura extra z truskawek o obniżonej zawartości cukrów 240 g", "brand": "Łowicz", "price": "6.79 PLN", "packaging_details": "0.24kg- 28,29 zł / kg", "description_sections": [{"header": "Opis produktu", "content": "Jeśli należycie do osób, które mogłyby jeść truskawki na okrągło to polecamy Wam Konfiturę z truskawek Łowicz. Kryją się w niej najbardziej dorodne truskawki. Jak wszystkie konfitury Łowicz, konfitura z truskawek jest produktem niskosłodzonym."}, {"header": "Składniki i alergeny", "content": "Składniki:truskawki, cukier, substancja żelująca – pektyny, substancje zagęszczające - guma guar i guma ksantanowa, regulator kwasowości - kwas cytrynowy, przeciwutleniacz - kwas askorbinowy Sporządzono z 70 g owoców na 100 g produktuInne informacje o zawartości produktu:Zawiera surowce GMO:Nie, \n\nOsłonka niejadalna:Nie, \n\nInformacje szczegółowe dotyczące środków słodzących:Nie, \n\nZawiera lukrecję:Nie, \n\nZawiera chininę:Nie, \n\nZawiera taurynę:Nie, \n\nZawiera przeciwutleniacze:Tak, \n\nZawiera wzmacniacze smaku:Nie, \n\nZawiera fosforany:Nie, \n\nZawiera siarczyny:Nie, \n\nZawiera barwniki:Nie, \n\nZawiera substancje konserwujące:Nie, \n\nZawiera kofeinę:Nie, \n\nŚrodki spozywcze z dodatkiem fitosteroli, estrów fitosteroli, fitostanoli lub estrów fitostanoli:Nie"}, {"header": "Wartość odżywcza", "content": "W 100 gWartość energetyczna kcal169 kcalZawartość tłuszczów (ogólnie)0.5 gKwasy tłuszczowe nasycone0.1 gZawartość węglowodanów40 gCukry40 gZawartość białek0.5 gZawartość soli0 g"}, {"header": "Pozostałe informacje", "content": "Kraj pochodzenia:PolskaKraj pochodzenia zależy od konkretnej partii produktu jaka znajduje się w sklepie. Informację o kraju pochodzenia znajdziesz na opakowaniu. Możesz również dodać komentarz z preferowanym typem produktu w koszyku lub wiadomości dla shoppera (np. “prosze o pomidory polskie”).Producent:Agros Nova Sp. z o.o. Sp. k.\nal. Stanów Zjednoczonych 61A\n04-028 WarszawaDystrybutor:MW FOOD Sp. z o.o. Sp. k.Chopina 10 34-100 Wadowicemaspex@maspex.comNazwa wymagana prawnie:Konfitura ekstra z truskawek o obniżonej zawartości cukrów. Pasteryzowana"}], "images": ["data/images/cc8410d64efdefef9c2d3cf444c094ab.jpg"], "absolute_path": "Artykuły spożywcze/Produkty w słoikach/Dżem/Produkt 7"}
{"name": "Produkt 9", "url": "https://zakupy.biedronka.pl/st.-dalfour-st.-dalfour-owocowa-rapsodia-pomarancza-i-imbir-284-g-0000007233.html", "title": "St. Dalfour Owocowa Rapsodia Pomarańcza i Imbir 284 g", "brand": "St. Dalfour", "price": "13.59 PLN", "packaging_details": "0.284kg- 47,85 zł / kg", "description_sections": [{"header": "Opis produktu", "content": "Owocowa Rapsodia Pomarańcza i Imbir"}, {"header": "Składniki i alergeny", "content": "Składniki:Zagęszczone soki owocowe ( winogronowy, daktylowy), pomarańcze ( 19%), imbir (16%) substancja żelująca: pektyny, sok cytrynowyInne informacje o zawartości produktu:Zawiera surowce GMO:Nie"}, {"header": "Wartość odżywcza", "content": "W 100 gWartość energetyczna kcal238 kcalZawartość tłuszczów (ogólnie)0 gKwasy tłuszczowe nasycone0 gZawartość węglowodanów59 gCukry55 gZawartość błonnika1 gZawartość białek0 gZawartość soli0.06 g"}, {"header": "Pozostałe informacje", "content": "Kraj pochodzenia:FrancjaKraj pochodzenia zależy od konkretnej partii produktu jaka znajduje się w sklepie. Informację o kraju pochodzenia znajdziesz na opakowaniu. Możesz również dodać komentarz z preferowanym typem produktu w koszyku lub wiadomości dla shoppera (np. “prosze o pomidory polskie”).Producent:ST DALFOUR SAS\nChemin de Cazeaux\n47200 Marmande,\nFrancja\nwww.stdalfour.comDystrybutor:NORTH COAST S.A.ul. 3 Maja, bud.A2 8 05-800 Pruszkówbiuro@northcoast.com.plImporter:NORTH COAST S.A.ul. 3 Maja, bud.A2 8 05-800 Pruszków PLbiuro@northcoast.com.plNazwa wymagana prawnie:St. Dalfour - Produkt owocowy z pomarańczy i imbiru, słodzony zagęszczonymi sokami owocowymi 284 g"}], "images": ["data/images/93d7dd89c8697c90cfdb2f0efa249a94.jpg", "data/images/46e268bb6ae31490f10c4c119dfff64e.jpg"], "absolute_path": "Artykuły spożywcze/Produkty w słoikach/Dżem/Produkt 9"}
{"name": "Produkt 6", "url": "https://zakupy.biedronka.pl/rapsodia-rapsodia-dzem-malinowy-o-obnizonej-zawartosci-cukrow-280-g-0000015944.html", "title": "Rapsodia Dżem malinowy o obniżonej zawartości cukrów 280 g", "brand": "Rapsodia", "price": "5.49 PLN", "packaging_details": "0.28kg- 19,61 zł / kg", "description_sections": [{"header": "Opis produktu", "content": "Dżemy Rapsodia mają sprawdzoną recepturę i są tworzone z najlepszych owoców.Nasze owocowe menu: naleśniki zawijańce, złote grzaneczki, gofrySpróbuj!"}, {"header": "Składniki i alergeny", "content": "Składniki:maliny (35%), cukier, woda, substancja żelująca – pektyny, substancja zagęszczająca - guma guar, regulatory kwasowości - kwas cytrynowy, cytrynian sodu, przeciwutleniacz-kwas askorbinowy Sporządzono z 35 g owoców na 100 g produktu"}, {"header": "Pozostałe informacje", "content": "Kraj pochodzenia:PolskaKraj pochodzenia zależy od konkretnej partii produktu jaka znajduje się w sklepie. Informację o kraju pochodzenia znajdziesz na opakowaniu. Możesz również dodać komentarz z preferowanym typem produktu w koszyku lub wiadomości dla shoppera (np. “prosze o pomidory polskie”).Nazwa wymagana prawnie:Dżem malinowy o obniżonej zawartości cukrów. Pasteryzowany"}], "images": ["data/images/b873b8205c90c0f9a520757c8009e24c.jpg"], "absolute_path": "Artykuły spożywcze/Produkty w słoikach/Dżem/Produkt 6"}
{"name": "Produkt 11", "url": "https://zakupy.biedronka.pl/lowicz-lowicz-dzem-wisniowy-o-obnizonej-zawartosci-cukrow-280-g-0000016299.html", "title": "Łowicz Dżem wiśniowy o obniżonej zawartości cukrów 280 g", "brand": "Łowicz", "price": "6.49 PLN", "packaging_details": "0.28kg- 23,18 zł / kg", "description_sections": [{"header": "Opis produktu", "content": "W Łowiczu mamy sprawdzone receptury na Twoje ulubione dżemy: z kawałkami owoców, intensywne w smaku.Robimy je przecież od 50 lat!Nasze owocowe menu: placuszki że łooo!, kruche ciasto z wiśniami"}, {"header": "Składniki i alergeny", "content": "Składniki:wiśnie (40%), cukier, woda, substancja żelująca – pektyny, substancja zagęszczająca - guma guar, regulatory kwasowości - kwas cytrynowy i cytryniany soduSporządzono z 40 g owoców na 100 g produktu"}, {"header": "Pozostałe informacje", "content": "Kraj pochodzenia:PolskaKraj pochodzenia zależy od konkretnej partii produktu jaka znajduje się w sklepie. Informację o kraju pochodzenia znajdziesz na opakowaniu. Możesz również dodać komentarz z preferowanym typem produktu w koszyku lub wiadomości dla shoppera (np. “prosze o pomidory polskie”).Dystrybutor:Jeronimo Martins Polska S.A.Żniwna 5 62-025 Kostrzyn PLImporter:Jeronimo Martins Polska S.A.Żniwna 5 62-025 Kostrzyn PLNazwa wymagana prawnie:Dżem wiśniowy o obniżonej zawartości cukrów pasteryzowany"}], "images": ["data/images/d75db65dc43d2a219fac9e8cd191a52d.jpg"], "absolute_path": "Artykuły spożywcze/Produkty w słoikach/Dżem/Produkt 11"}
{"name": "Produkt 13", "url": "https://zakupy.biedronka.pl/lowicz-lowicz-powidla-wegierkowe-290-g-0000009412.html", "title": "Łowicz Powidła węgierkowe 290 g", "brand": "Łowicz", "price": "7.49 PLN", "packaging_details": "0.29kg- 25,83 zł / kg", "description_sections": [{"header": "Opis produktu", "content": "W Łowiczu od wielu lat przygotowujemy powidła w ten sam sposób: do śliwek węgierek dodajemy tylko to co niezbędne, a potem długo gotujemy. Polecamy do domowych wypieków.Robimy je przecież od 50 lat!"}, {"header": "Składniki i alergeny", "content": "Składniki:śliwki węgierki, cukier Sporządzono z 182 g owoców ma 100 g produktu. Produkt może zawierać pestkę i/lub jej fragmenty.Inne informacje o zawartości produktu:Zawiera surowce GMO:Nie, \n\nOsłonka niejadalna:Nie, \n\nInformacje szczegółowe dotyczące środków słodzących:Nie, \n\nZawiera lukrecję:Nie, \n\nZawiera chininę:Nie, \n\nZawiera taurynę:Nie, \n\nZawiera przeciwutleniacze:Nie, \n\nZawiera wzmacniacze smaku:Nie, \n\nZawiera fosforany:Nie, \n\nZawiera siarczyny:Nie, \n\nZawiera barwniki:Nie, \n\nZawiera substancje konserwujące:Nie, \n\nZawiera kofeinę:Nie, \n\nŚrodki spozywcze z dodatkiem fitosteroli, estrów fitosteroli, fitostanoli lub estrów fitostanoli:Nie"}, {"header": "Wartość odżywcza", "content": "W 100 gWartość energetyczna kcal209 kcalZawartość tłuszczów (ogólnie)0.5 gKwasy tłuszczowe nasycone0.1 gZawartość węglowodanów49 gCukry49 gZawartość białek1.1 gZawartość soli0 g"}, {"header": "Pozostałe informacje", "content": "Kraj pochodzenia:PolskaKraj pochodzenia zależy od konkretnej partii produktu jaka znajduje się w sklepie. Informację o kraju pochodzenia znajdziesz na opakowaniu. Możesz również dodać komentarz z preferowanym typem produktu w koszyku lub wiadomości dla shoppera (np. “prosze o pomidory polskie”).Producent:MW FOOD Sp. z o.o.\nul. Chopina 10\n34-100 Wadowice,\nwww.mojlowicz.plDystrybutor:MW FOOD Sp. z o.o. Sp. k.Chopina 10 34-100 Wadowicemaspex@maspex.comNazwa wymagana prawnie:Powidła śliwkowe węgierkowe pasteryzowane"}], "images": ["data/images/1d0f741d285e47ff1c770a0220722d0f.jpg"], "absolute_path": "Artykuły spożywcze/Produkty w słoikach/Dżem/Produkt 13"}
{"name": "Produkt 15", "url": "https://zakupy.biedronka.pl/st.-dalfour-st.-dalfour-owocowa-rapsodia-malina-i-granat-284-g-0000007222.html", "title": "St. Dalfour Owocowa Rapsodia Malina i Granat 284 g", "brand": "St. Dalfour", "price": "13.59 PLN", "packaging_details": "0.284kg- 47,85 zł / kg", "description_sections": [{"header": "Opis produktu", "content": "Owocowa Rapsodia Malina i Granat"}, {"header": "Składniki i alergeny", "content": "Składniki:Malina (34,5%), granat (16,5%), zagęszczone soki owocowe ( winogronowy, daktylowy), substancja żelująca: pektyna, sok cytrynowyInne informacje o zawartości produktu:Zawiera surowce GMO:Nie"}, {"header": "Wartość odżywcza", "content": "W 100 gWartość energetyczna kcal213 kcalZawartość tłuszczów (ogólnie)0.3 gKwasy tłuszczowe nasycone0.05 gZawartość węglowodanów52 gCukry47 gZawartość błonnika1.3 gZawartość białek0 gZawartość soli0.02 g"}, {"header": "Pozostałe informacje", "content": "Kraj pochodzenia:FrancjaKraj pochodzenia zależy od konkretnej partii produktu jaka znajduje się w sklepie. Informację o kraju pochodzenia znajdziesz na opakowaniu. Możesz również dodać komentarz z preferowanym typem produktu w koszyku lub wiadomości dla shoppera (np. “prosze o pomidory polskie”).Producent:ST DALFOUR SAS\nChemin de Cazeaux\n47200 Marmande\nFrancja\nwww.stdalfour.comDystrybutor:NORTH COAST S.A.ul. 3 Maja, bud.A2 8 05-800 Pruszkówbiuro@northcoast.com.plNazwa wymagana prawnie:St. Dalfour - Produkt owocowy z malin i granatu, słodzony zagęszczonymi sokami owocowymi 284 g"}], "images": ["data/images/a8ec1e94abd0b4bb94bf4660dee08d92.jpg"], "absolute_path": "Artykuły spożywcze/Produkty w słoikach/Dżem/Produkt 15"}
{"name": "Produkt 14", "url": "https://zakupy.biedronka.pl/st.-dalfour-st.-dalfour-owocowa-rapsodia-ananas-i-mango--284-g-0000007232.html", "title": "St. Dalfour Owocowa Rapsodia Ananas i Mango  284 g", "brand": "St. Dalfour", "price": "13.59 PLN", "packaging_details": "0.284kg- 47,85 zł / kg", "description_sections": [{"header": "Opis produktu", "content": "Owocowa Rapsodia Ananas i Mango"}, {"header": "Składniki i alergeny", "content": "Składniki:owoce ananasa (25,5%), mango (25,5%), zagęszczone soki ( winogronowy, daktylowy), substancja żelująca : pektyny, sok cytrynowyInne informacje o zawartości produktu:Zawiera surowce GMO:Nie"}, {"header": "Wartość odżywcza", "content": "W 100 gWartość energetyczna kcal889 kcalZawartość tłuszczów (ogólnie)0 gKwasy tłuszczowe nasycone0 gZawartość węglowodanów52 gCukry51 gZawartość błonnika0.6 gZawartość białek0 gZawartość soli0.03 g"}, {"header": "Pozostałe informacje", "content": "Kraj pochodzenia:FrancjaKraj pochodzenia zależy od konkretnej partii produktu jaka znajduje się w sklepie. Informację o kraju pochodzenia znajdziesz na opakowaniu. Możesz również dodać komentarz z preferowanym typem produktu w koszyku lub wiadomości dla shoppera (np. “prosze o pomidory polskie”).Producent:St. Dalfour SASDystrybutor:NORTH COAST S.A.ul. 3 Maja, bud.A2 8 05-800 Pruszkówbiuro@northcoast.com.plImporter:NORTH COAST S.A.ul. 3 Maja, bud.A2 8 05-800 Pruszków PLbiuro@northcoast.com.plNazwa wymagana prawnie:St. Dalfour - Produkt owocowy z ananasa i mango, słodzony zagęszczanymi sokami owocowymi 284 g"}], "images": ["data/images/2d1b5aa65a449bbff8a094c3bba8d4e5.jpg"], "absolute_path": "Artykuły spożywcze/Produkty w słoikach/Dżem/Produkt 14"}
{"name": "Produkt 12", "url": "https://zakupy.biedronka.pl/rapsodia-rapsodia-dzem-truskawkowy-slodzony-ksylitolem-250-g-0000015379.html", "title": "Rapsodia Dżem truskawkowy słodzony ksylitolem 250 g", "brand": "Rapsodia", "price": "7.29 PLN", "packaging_details": "0.25kg- 29,16 zł / kg", "description_sections": [{"header": "Składniki i alergeny", "content": "Składniki:truskawki 50%, woda, substancja słodząca - ksylitol 27%, substancja żelująca - pektyny, regulator kwasowości - kwas cytrynowy.Inne informacje o zawartości produktu:Zawiera surowce GMO:Nie, \n\nInformacje szczegółowe dotyczące środków słodzących:spożycie w nadmiernych ilościach może mieć efekt przeczyszczający, zawiera substancję słodzącą"}, {"header": "Wartość odżywcza", "content": "W 100 gWartość energetyczna kcal82 kcalZawartość tłuszczów (ogólnie)0.5 gKwasy tłuszczowe nasycone0 gZawartość węglowodanów28 gCukry2.8 gAlkohole wielowodorotlenowe - poliole22 gZawartość błonnika1 gZawartość białek0.6 gZawartość soli0.03 g"}, {"header": "Pozostałe informacje", "content": "Producent:STOVIT GROUP Sp. z o.o.Dystrybutor:Jeronimo Martins Polska S.A.Żniwna 5 62-025 KostrzynImporter:Jeronimo Martins Polska S.A.Żniwna 5 62-025 Kostrzyn PLNazwa wymagana prawnie:Dżem z truskawek bez dodatku cukrów. Zawiera substancję słodzącą. Produkt pasteryzowany. Sporządzono z 50g owoców na 100g produktu."}], "images": ["data/images/b7216b7b172e2b6a1fd7c7a9ad724ce0.jpg", "data/images/6848a5280c65ac74a3c75b41dab6935c.jpg", "data/images/295b6d8b798545a4e91f7779bfe27cf2.jpg"], "absolute_path": "Artykuły spożywcze/Produkty w słoikach/Dżem/Produkt 12"}
{"name": "Produkt 16", "url": "https://zakupy.biedronka.pl/lowicz-lowicz-konfitura-extra-z-czarnej-porzeczki-obnizonej-zawartosci-cukrow-240-g-0000009060.html", "title": "Łowicz Konfitura extra z czarnej porzeczki obniżonej zawartości cukrów 240 g", "brand": "Łowicz", "price": "6.79 PLN", "packaging_details": "0.24kg- 28,29 zł / kg", "description_sections": [{"header": "Opis produktu", "content": "To całe owoce zanurzone w gęstym owocowym syropie. Po prostu Łooo!Konfitura przygotowana jest z wyselekcjonowanych owoców czarnej porzeczki i jak wszystkie konfitury Łowicz jest produktem niskosłodzonym."}, {"header": "Składniki i alergeny", "content": "Składniki:czarne porzeczki, cukier, woda, substancja żelująca – pektyny, substancje zagęszczające - guma guar i guma ksantanowa, regulator kwasowości - kwas cytrynowy Sporządzono z 60 g owoców na 100 g produktuInne informacje o zawartości produktu:Zawiera surowce GMO:Nie, \n\nOsłonka niejadalna:Nie, \n\nInformacje szczegółowe dotyczące środków słodzących:Nie, \n\nZawiera lukrecję:Nie, \n\nZawiera chininę:Nie, \n\nZawiera taurynę:Nie, \n\nZawiera przeciwutleniacze:Nie, \n\nZawiera wzmacniacze smaku:Nie, \n\nZawiera fosforany:Nie, \n\nZawiera barwniki:Nie, \n\nZawiera kofeinę:Nie, \n\nŚrodki spozywcze z dodatkiem fitosteroli, estrów fitosteroli, fitostanoli lub estrów fitostanoli:Nie"}, {"header": "Wartość odżywcza", "content": "W 100 gWartość energetyczna kcal163 kcalZawartość tłuszczów (ogólnie)0.5 gKwasy tłuszczowe nasycone0.1 gZawartość węglowodanów37 gCukry37 gZawartość białek0.9 gZawartość soli0 g"}, {"header": "Pozostałe informacje", "content": "Kraj pochodzenia:PolskaKraj pochodzenia zależy od konkretnej partii produktu jaka znajduje się w sklepie. Informację o kraju pochodzenia znajdziesz na opakowaniu. Możesz również dodać komentarz z preferowanym typem produktu w koszyku lub wiadomości dla shoppera (np. “prosze o pomidory polskie”).Producent:Agros Nova Sp. z o.o. Sp. k.\nal. Stanów Zjednoczonych 61A\n04-028 WarszawaDystrybutor:MW FOOD Sp. z o.o. Sp. k.Chopina 10 34-100 Wadowicemaspex@maspex.comNazwa wymagana prawnie:Konfitura ekstra z czarnych porzeczek obniżonej zawartości cukrów. Pasteryzowana"}], "images": ["data/images/42ce7ec01d8bb2db1c3a5f6483b1ba9d.jpg"], "absolute_path": "Artykuły spożywcze/Produkty w słoikach/Dżem/Produkt 16"}
{"name": "Produkt 20", "url": "https://zakupy.biedronka.pl/rapsodia-rapsodia-100-owocow-truskawka-220-g-0000003253.html", "title": "Rapsodia 100 % Owoców truskawka 220 g", "brand": "Rapsodia", "price": "5.79 PLN", "packaging_details": "0.22kg- 26,32 zł / kg", "description_sections": [{"header": "Składniki i alergeny", "content": "Składniki:truskawki (sporządzono ze 100 g owoców na 100 g produktu), zagęszczony sok jabłkowy, substancja żelująca: pektynyInne informacje o zawartości produktu:Zawiera surowce GMO:Nie"}, {"header": "Wartość odżywcza", "content": "W 100 gWartość energetyczna kcal149 kcalZawartość tłuszczów (ogólnie)0.5 gKwasy tłuszczowe nasycone0.1 gZawartość węglowodanów34 gCukry31 gZawartość białek0.8 gZawartość soli0.05 g"}, {"header": "Pozostałe informacje", "content": "Producent:Andros Polska Spółka z o.o.Dystrybutor:Jeronimo Martins Polska S.A.Żniwna 5 62-025 KostrzynImporter:Jeronimo Martins Polska S.A.Żniwna 5 62-025 Kostrzyn PLNazwa wymagana prawnie:Produkt owocowy z truskawek, słodzony zagęszczonym sokiem jabłkowym. Produkt pasteryzowany."}], "images": ["data/images/54d20d3b842fefdab85768effed1a9ec.jpg", "data/images/c1b71763cead05a69349185ffbb2be2f.jpg", "data/images/844e9fd3ba6925370921de24c196752f.jpg"], "absolute_path": "Artykuły spożywcze/Produkty w słoikach/Dżem/Produkt 20"}
{"name": "Produkt 17", "url": "https://zakupy.biedronka.pl/rapsodia-rapsodia-100-owocow-czarna-porzeczka-220-g-0000003250.html", "title": "Rapsodia 100 % Owoców czarna porzeczka 220 g", "brand": "Rapsodia", "price": "5.79 PLN", "packaging_details": "0.22kg- 26,32 zł / kg", "description_sections": [{"header": "Składniki i alergeny", "content": "Składniki:czarne porzeczki (sporządzono ze 100 g owoców a 100 g produktu), zagęszczony sok jabłkowy, substancja żelująca: pektynyInne informacje o zawartości produktu:Zawiera surowce GMO:Nie"}, {"header": "Wartość odżywcza", "content": "W 100 gWartość energetyczna kcal138 kcalZawartość tłuszczów (ogólnie)0.5 gKwasy tłuszczowe nasycone0.1 gZawartość węglowodanów27 gCukry25 gZawartość białek1.3 gZawartość soli0.05 g"}, {"header": "Pozostałe informacje", "content": "Dystrybutor:Jeronimo Martins Polska S.A.Żniwna 5 62-025 KostrzynNazwa wymagana prawnie:Produkt owocowy z czarnych porzeczek, słodzony zagęszczonym sokiem jabłkowym. Produkt pasteryzowsany."}], "images": ["data/images/aa094e14524aeff32231726ce345ebd4.jpg", "data/images/269159029c82a745ee21c2b0f4493e5c.jpg", "data/images/a989805aec85a4ff611fe4fcdd5d5aa8.jpg"], "absolute_path": "Artykuły spożywcze/Produkty w słoikach/Dżem/Produkt 17"}
{"name": "Produkt 19", "url": "https://zakupy.biedronka.pl/rapsodia-rapsodia-100-owocow-wisnia-220-g-0000003252.html", "title": "Rapsodia 100 % Owoców wiśnia 220 g", "brand": "Rapsodia", "price": "5.79 PLN", "packaging_details": "0.22kg- 26,32 zł / kg", "description_sections": [{"header": "Składniki i alergeny", "content": "Składniki:wiśnie (sporządzono ze 100 g owoców na 100 g produktu), zagęszczony sok jabłkowy, substancja żelująca: pektyny. Produkt może zawierać śladowe ilości pestekInne informacje o zawartości produktu:Zawiera surowce GMO:Nie"}, {"header": "Wartość odżywcza", "content": "W 100 gWartość energetyczna kcal150 kcalZawartość tłuszczów (ogólnie)0.5 gKwasy tłuszczowe nasycone0.1 gZawartość węglowodanów33 gCukry31 gZawartość białek0.9 gZawartość soli0.06 g"}, {"header": "Pozostałe informacje", "content": "Producent:Andros Polska Spółka z o.o.Dystrybutor:Jeronimo Martins Polska S.A.Żniwna 5 62-025 KostrzynImporter:Jeronimo Martins Polska S.A.Żniwna 5 62-025 Kostrzyn PLNazwa wymagana prawnie:Produkt owocowy z wiśni, słodzony zagęszczonym sokiem jabłkowym. Produkt pasteryzowany."}], "images": ["data/images/34fa1b21049bbeb187c73277ed7d5ab2.jpg", "data/images/d2febf002d2dcc695814e46531f12671.jpg", "data/images/81adcdac2dceabee7f4fbd9184bf51c1.jpg"], "absolute_path": "Artykuły spożywcze/Produkty w słoikach/Dżem/Produkt 19"}
{"name": "Produkt 18", "url": "https://zakupy.biedronka.pl/rapsodia-rapsodia-100-owocow-brzoskwinia-220-g-0000003251.html", "title": "Rapsodia 100 % Owoców brzoskwinia 220 g", "brand": "Rapsodia", "price": "5.79 PLN", "packaging_details": "0.22kg- 26,32 zł / kg", "description_sections": [{"header": "Składniki i alergeny", "content": "Składniki:brzoskwinie (sporządzono ze 100 g owoców na 100 g produktu), zagęszczony sok jabłkowy, zagęszczony sok cytrynowy, substancja żelująca: pektyny. Produkt może zawierać śladowe ilości pestekInne informacje o zawartości produktu:Zawiera surowce GMO:Nie"}, {"header": "Wartość odżywcza", "content": "W 100 gWartość energetyczna kcal148 kcalZawartość tłuszczów (ogólnie)0.5 gKwasy tłuszczowe nasycone0.1 gZawartość węglowodanów34 gCukry31 gZawartość białek0.8 gZawartość soli0.06 g"}, {"header": "Pozostałe informacje", "content": "Producent:Andros Polska Spółka z o.o.Dystrybutor:Jeronimo Martins Polska S.A.Żniwna 5 62-025 KostrzynImporter:Jeronimo Martins Polska S.A.Żniwna 5 62-025 Kostrzyn PLNazwa wymagana prawnie:Produkt owocowy z brzoskwiń, słodzony zagęszczonym sokiem jabłkowym. Produkt pasteryzowany."}], "images": ["data/images/db5d7288fd3f7a2720f0b4796622e7cb.jpg", "data/images/929e69ba688a8ecab4b1a9b4cbaee3c1.jpg", "data/images/432dd7b659be8dc3cf99e51411b81779.jpg"], "absolute_path": "Artykuły spożywcze/Produkty w słoikach/Dżem/Produkt 18"}
{"name": "Produkt 1", "url": "https://zakupy.biedronka.pl/nasze-smaki-nasze-smaki-smalec-z-miesem-i-cebulka-250-g-0000007660.html", "title": "Nasze Smaki Smalec z mięsem i cebulką 250 g", "brand": "Nasze Smaki", "price": "5.99 PLN", "packaging_details": "0.25kg- 23,96 zł / kg", "description_sections": [{"header": "Składniki i alergeny", "content": "Składniki:Tłuszcz wieprzowy 60%, mięso wieprzowe 30%, tkanka łączna wieprzowa 2,9%, cebula suszona 2,3%, sól, przyprawy (pieprz, marchew), aromaty, cukier, glukoza. Produkt może zawierać:soję,seler,gorczycę,sezam,jaja,mlekołącznie z laktozą,dwutlenek siarki."}, {"header": "Przechowywanie i sposób przygotowania", "content": "Sposób podania:Do bezpośredniego spożycia."}, {"header": "Pozostałe informacje", "content": "Nazwa wymagana prawnie:Smalec z mięsem i cebulą. Konserwa tłuszczowo- mięsna wieprzowa sterylizowana."}], "images": ["data/images/6e864b798991d9009ca10e09d4f6a732.jpg"], "absolute_path": "Artykuły spożywcze/Produkty w słoikach/Mięso w słoiku/Produkt 1"}
{"name": "Produkt 1", "url": "https://zakupy.biedronka.pl/toffifee-toffifee-orzech-laskowy-w-karmelu-kremie-orzechowym-i-czekoladzie-24-szt.-200-g-0000001522.html", "title": "Toffifee Orzech laskowy w karmelu kremie orzechowym i czekoladzie 24 szt. 200 g", "brand": "Toffifee", "price": "15.99 PLN", "packaging_details": "0.2kg- 63,95 zł / kg", "description_sections": [{"header": "Opis produktu", "content": "Tyle dobrego zawarte jest w Toffifee: chrupiące orzechy laskowe w karmelu z kremem orzechowym i małym dodatkiem smacznej czekolady - kombinacja, w której każdy znajdzie coś dla siebie!"}, {"header": "Składniki i alergeny", "content": "Składniki:cukier,tłuszcze roślinne (palmowy, shea),orzechylaskowe,syrop glukozowy,odtłuszczonemlekow proszku,substancja utrzymująca wilgoć: sorbitole,miazga kakaowa,mlekozagęszczone odtłuszczone,zagęszczona słodka serwatka (zmleka),laktoza(zmleka),kakao niskotłuszczowe,tłuszcz kakaowy,tłuszczmleczny,syrop sacharozowy,produkt z serwatki (zmleka),emulgator: lecytyny (soja),sól,aromaty"}, {"header": "Pozostałe informacje", "content": "Nazwa wymagana prawnie:Orzech laskowy (10 %) w karmelu (41 %), kremie orzechowym (37 %) i czekoladzie (12 %)."}], "images": ["data/images/0ad530ace2ef237645dea70be5b3accc.jpg"], "absolute_path": "Artykuły spożywcze/Promocje/Produkt 1"}
{"name": "Produkt 3", "url": "https://zakupy.biedronka.pl/go-active-go-active-peanut-butter-wysokobialkowy-krem-o-smaku-waniliowym-350-g-0000009574.html", "title": "Go Active Peanut Butter Wysokobiałkowy krem o smaku waniliowym 350 g", "brand": "Go Active", "price": "12.99 PLN", "packaging_details": "0.35kg- 37,11 zł / kg", "description_sections": [{"header": "Opis produktu", "content": "Nutriscore:A"}, {"header": "Składniki i alergeny", "content": "Składniki:Orzeszkiarachidoweprażone 86,8%, koncentrat białek serwatkowych WPC 80 (mleko) 6,5%, substancja wiążąca: ksylitol; sól morska, aromat. Produkt może zawieraćsezami inneorzechy.Alergeny:Mleko i produkty pochodne (łącznie z laktozą), \n\nOrzeszki ziemne (arachidowe) i produkty pochodneInne informacje o zawartości produktu:Zawiera surowce GMO:Nie, \n\nZawiera aromaty:Tak, \n\nPoziom znakowania Nutriscore:A, \n\nDodatki zawarte w produkcie (E-symbole):E967 Ksylitol, \n\nFunkcje dodatków obecnych w produkcie (zadeklarowanych jako dodatki lub numery E):Substancja wiążąca (teksturotwórcza), \n\nDodatkowe informacje na temat produktu:Na powierzchni może wytrącać się ceny olej arachidowy. Rekomendujemy wymieszanie kremu przed spożyciem."}, {"header": "Wartość odżywcza", "content": "W 100 gWartość energetyczna kcal587 kcalZawartość tłuszczów (ogólnie)45 gKwasy tłuszczowe nasycone5.9 gZawartość węglowodanów8.9 gCukry3.8 gZawartość błonnika11 gZawartość białek31 gZawartość soli0.45 g"}, {"header": "Pozostałe informacje", "content": "Dystrybutor:Jeronimo Martins Polska S.A.Żniwna 5 62-025 Kostrzyn PLImporter:Jeronimo Martins Polska S.A.Żniwna 5 62-025 Kostrzyn PLNazwa wymagana prawnie:Wysokobiałkowy krem z orzeszków ziemnych o smaku waniliowym"}], "images": ["data/images/0dceac037e38982421759226d8321e68.jpg"], "absolute_path": "Artykuły spożywcze/Produkty w słoikach/Kremy do smarowania/Produkt 3"}
{"name": "Produkt 2", "url": "https://zakupy.biedronka.pl/go-active-go-active-krem-z-orzechow-nerkowca-cashew-butter-180-g-0000009700.html", "title": "Go Active Krem z orzechów nerkowca Cashew butter 180 g", "brand": "Go Active", "price": "12.59 PLN", "packaging_details": "0.18kg- 69,94 zł / kg", "description_sections": [{"header": "Opis produktu", "content": "Nutriscore:B"}, {"header": "Składniki i alergeny", "content": "Składniki:prażoneorzechynerkowca 100%. Produkt może zawierać orzeszkiarachidowe, inneorzechy,mleko.Alergeny:Orzechy, \n\nOrzechy nerkowca i produkty z orzecha nerkowcaInne informacje o zawartości produktu:Zawiera surowce GMO:Nie, \n\nPoziom znakowania Nutriscore:B, \n\nDodatkowe informacje na temat produktu:Wytrącający się na powierzchni olej z nerkowców jest naturalnym procesem."}, {"header": "Wartość odżywcza", "content": "W 100 gWartość energetyczna kcal608 kcalZawartość tłuszczów (ogólnie)48 gKwasy tłuszczowe nasycone9.3 gZawartość węglowodanów19 gCukry1.6 gZawartość błonnika7.9 gZawartość białek21 gZawartość soli0.04 g"}, {"header": "Przechowywanie i sposób przygotowania", "content": "Sposób przygotowania:Rekomendujemy wymieszanie kremu przed spożyciem."}, {"header": "Pozostałe informacje", "content": "Producent:Jeronimo Martins Polska S.A.Dystrybutor:Jeronimo Martins Polska S.A.Żniwna 5 62-025 KostrzynImporter:Jeronimo Martins Polska S.A.Żniwna 5 62-025 Kostrzyn PLNazwa wymagana prawnie:Krem z orzechów nerkowca 100%"}], "images": ["data/images/d747a7054c128ae42a632f00f1ea7f86.jpg", "data/images/612e1a47ec3fc1874747a5564d0a8929.jpg", "data/images/6b402a2414a3bf6929437daf97d305b7.jpg"], "absolute_path": "Artykuły spożywcze/Produkty w słoikach/Kremy do smarowania/Produkt 2"}
{"name": "Produkt 1", "url": "https://zakupy.biedronka.pl/nutella-nutella-krem-do-smarowania-350-g-0000003417.html", "title": "Nutella Krem do smarowania 350 g", "brand": "Nutella", "price": "16.49 PLN", "packaging_details": "0.35kg- 47,11 zł / kg", "description_sections": [{"header": "Opis produktu", "content": "Krem do smarowania z orzechami laskowymi i kakao."}, {"header": "Składniki i alergeny", "content": "Składniki:cukier, olej palmowy, ORZECHY LASKOWE (13%), MLEKO odtłuszczone w proszku (8,7%), kakao w proszku o obniżonej zawartości tłuszczu (7,4%), emulgator: lecytyny (SOJA); wanilina.Alergeny:Mleko i produkty pochodne (łącznie z laktozą), \n\nSoja i produkty pochodne, \n\nOrzechyInne informacje o zawartości produktu:Zawiera surowce GMO:Nie, \n\nZawiera substancje konserwujące:Nie"}, {"header": "Wartość odżywcza", "content": "W 100 gWartość energetyczna kcal539 kcalZawartość tłuszczów (ogólnie)30.9 gKwasy tłuszczowe nasycone10.6 gZawartość węglowodanów57.5 gCukry56.3 gZawartość białek6.3 gZawartość soli0.11 g"}, {"header": "Pozostałe informacje", "content": "Kraj pochodzenia:PolskaKraj pochodzenia zależy od konkretnej partii produktu jaka znajduje się w sklepie. Informację o kraju pochodzenia znajdziesz na opakowaniu. Możesz również dodać komentarz z preferowanym typem produktu w koszyku lub wiadomości dla shoppera (np. “prosze o pomidory polskie”).Producent:Ferrero Polska Commercial Sp. z o.o.Dystrybutor:Ferrero Polska Commercial Sp. z o.o.Wiertnicza 126 02-952 WarszawaImporter:Ferrero Polska Commercial Sp. z o.o.Wiertnicza 126 02-952 Warszawa PLjulia.jaszczur@ferrero.comNazwa wymagana prawnie:Krem do smarowania z orzechami laskowymi i kakao Nutella 350g"}], "images": ["data/images/cbc09f82c7b189f032d7b54027bb8351.jpg"], "absolute_path": "Artykuły spożywcze/Produkty w słoikach/Kremy do smarowania/Produkt 1"}
{"name": "Produkt 3", "url": "https://zakupy.biedronka.pl/heinz-heinz-ketchup-lagodny-450-g-0000007103.html", "title": "Heinz Ketchup łagodny 450 g", "brand": "Heinz", "price": "9.49 PLN", "packaging_details": "0.45kg- 21,09 zł / kg", "description_sections": [{"header": "Opis produktu", "content": "Heinz Ketchup Łagodny 450g"}, {"header": "Składniki i alergeny", "content": "Składniki:pomidory (148 g pomidorów na 100 g ketchupu), ocet spirytusowy, cukier, sól, ekstrakty przypraw i ziół (zawierająseler), przyprawy.Alergeny:Seler i produkty pochodneInne informacje o zawartości produktu:Zawiera surowce GMO:Nie"}, {"header": "Wartość odżywcza", "content": "W 100 gWartość energetyczna kcal102 kcalZawartość tłuszczów (ogólnie)0.1 gKwasy tłuszczowe nasycone0 gZawartość węglowodanów23.2 gCukry22.8 gZawartość białek1.2 gZawartość soli1.8 g"}, {"header": "Przechowywanie i sposób przygotowania", "content": "Sposób przygotowania:Przechowywać w suchym miejscu , w temperaturze pokojowej."}, {"header": "Pozostałe informacje", "content": "Kraj pochodzenia:PolskaKraj pochodzenia zależy od konkretnej partii produktu jaka znajduje się w sklepie. Informację o kraju pochodzenia znajdziesz na opakowaniu. Możesz również dodać komentarz z preferowanym typem produktu w koszyku lub wiadomości dla shoppera (np. “prosze o pomidory polskie”).Producent:HJ Heinz Polska Sp. z o.o.,\nPudliszki,\nul. Fabryczna 7,\n63-840 KrobiaDystrybutor:Insoft_ konto dostawcyJasna 3 a 31-227 KrakówNazwa wymagana prawnie:Heinz Ketchup Łagodny 450g. Produkt pasteryzowany"}], "images": ["data/images/c31d9fe456bbaa0fd15227a9076dcadd.jpg"], "absolute_path": "Artykuły spożywcze/Produkty z pomidorów/Ketchup/Produkt 3"}
{"name": "Produkt 2", "url": "https://zakupy.biedronka.pl/plony-natury-plony-natury-ryz-bialy-dlugoziarnisty-z-europejskich-upraw-4-x-125-g-0000004902.html", "title": "Plony Natury Ryż biały długoziarnisty z europejskich upraw 4 x 125 g", "brand": "Plony Natury", "price": "5.49 PLN", "packaging_details": "0.5kg- 8,78 zł / kg", "description_sections": [{"header": "Opis produktu", "content": "Ryż biały długoziarnisty jest najbardziej uniwersalną i najczęściej spożywaną odmianą ryżu na świecie. Jego łagodny i neutralny smak pozwala użyć go w każdej potrawie. Ryż biały długoziarnisty posiada niską zawartość tłuszczu i nie zawiera cukrów."}, {"header": "Składniki i alergeny", "content": "Składniki:Ryż biały długoziarnisty"}, {"header": "Pozostałe informacje", "content": "Kraj pochodzenia:Włochy, Grecja, Portugalia, RumuniaKraj pochodzenia zależy od konkretnej partii produktu jaka znajduje się w sklepie. Informację o kraju pochodzenia znajdziesz na opakowaniu. Możesz również dodać komentarz z preferowanym typem produktu w koszyku lub wiadomości dla shoppera (np. “prosze o pomidory polskie”).Nazwa wymagana prawnie:Ryż biały długoziarnisty"}], "images": ["data/images/619e2e8318d41611259aeee5f9eecab8.jpg"], "absolute_path": "Artykuły spożywcze/Promocje/Produkt 2"}
{"name": "Produkt 4", "url": "https://zakupy.biedronka.pl/pudliszki-pudliszki-ketchup-lagodny-480-g-0000001817.html", "title": "Pudliszki Ketchup łagodny 480 g", "brand": "Pudliszki", "price": "7.49 PLN", "packaging_details": "0.48kg- 15,60 zł / kg", "description_sections": [{"header": "Składniki i alergeny", "content": "Składniki:przecier pomidorowy 70 %,cukier,ocet spirytusowy,skrobia modyfikowana,kukurydziana,sól,naturalne aromatyAlergeny:Może zawierać SelerInne informacje o zawartości produktu:konserwanty:Nie zawiera"}, {"header": "Wartość odżywcza", "content": "W 100 gWartość energetyczna116 kcalTłuszcz0 gw tym kwasy tłuszczowe nasycone0 gWęglowodany27 gw tym cukry20 gBłonnik1 gBiałko1.6 gSól2.6 g"}, {"header": "Pozostałe informacje", "content": "Producent:Pudliszki Sp. z o.o.,\nul. Fabryczna 7,\n63-840 Krobia\nwww.pudliszki.pl\n\nPodziel się opinią:\n801 190 190\nKoszt połączenia według taryfy operatoraDystrybutor:Jeronimo Martins Polska S.A.Żniwna 5 62-025 Kostrzyn PLImporter:Jeronimo Martins Polska S.A.Żniwna 5 62-025 Kostrzyn PLNazwa wymagana prawnie:Ketchup łagodny. Produkt pasteryzowany."}], "images": ["data/images/b52e0350951ebd82fa9978692ac7fe3d.jpg"], "absolute_path": "Artykuły spożywcze/Produkty z pomidorów/Ketchup/Produkt 4"}
{"name": "Produkt 1", "url": "https://zakupy.biedronka.pl/kotlin-kotlin-ketchup-lagodny-450-g-0000017488.html", "title": "Kotlin Ketchup łagodny 450 g", "brand": "Kotlin", "price": "6.59 PLN", "packaging_details": "0.45kg- 14,64 zł / kg", "description_sections": [{"header": "Opis produktu", "content": "bez konserwantówbezglutenowybez substancji wzmacniających smakpolski producent"}, {"header": "Składniki i alergeny", "content": "Składniki:pomidory (160 g pomidorów zużyto na 100 g produktu), cukier, ocet, skrobia modyfikowana, sól, regulatory kwasowości - kwas cytrynowy, naturalne aromaty, przyprawyMoże zawieraćselerInne informacje o zawartości produktu:Zawiera surowce GMO:Nie, \n\nOsłonka niejadalna:Nie, \n\nInformacje szczegółowe dotyczące środków słodzących:Nie, \n\nZawiera lukrecję:Nie, \n\nZawiera chininę:Nie, \n\nZawiera taurynę:Nie, \n\nZawiera przeciwutleniacze:Nie, \n\nZawiera wzmacniacze smaku:Nie, \n\nZawiera fosforany:Nie, \n\nZawiera siarczyny:Nie, \n\nZawiera barwniki:Nie, \n\nZawiera aromaty:Tak, \n\nZawiera substancje konserwujące:Nie, \n\nZawiera olej palmowy:Nie, \n\nZawiera kofeinę:Nie, \n\nŚrodki spozywcze z dodatkiem fitosteroli, estrów fitosteroli, fitostanoli lub estrów fitostanoli:Nie"}, {"header": "Wartość odżywcza", "content": "W 100 gWartość energetyczna kcal97 kcalZawartość tłuszczów (ogólnie)0.5 gKwasy tłuszczowe nasycone0.1 gZawartość węglowodanów21 gCukry18 gZawartość białek1.4 gZawartość soli2 g"}, {"header": "Pozostałe informacje", "content": "Kraj pochodzenia:PolskaKraj pochodzenia zależy od konkretnej partii produktu jaka znajduje się w sklepie. Informację o kraju pochodzenia znajdziesz na opakowaniu. Możesz również dodać komentarz z preferowanym typem produktu w koszyku lub wiadomości dla shoppera (np. “prosze o pomidory polskie”).Importer:MW FOOD Sp. z o.o.Chopina 10 34-100 Wadowice PLmaspex@maspex.comNazwa wymagana prawnie:Ketchup łagodny. Pasteryzowany. Bezglutenowy, bez konserwantów, bez dodatku substancji wzmacniających smak"}], "images": ["data/images/46197f136da1788f9fe13fdacaa5e9ae.jpg"], "absolute_path": "Artykuły spożywcze/Produkty z pomidorów/Ketchup/Produkt 1"}
{"name": "Produkt 2", "url": "https://zakupy.biedronka.pl/rybak-rybak-ketchup-lagodny-slodka-ania-310-g-0000007664.html", "title": "Rybak Ketchup łagodny Słodka Ania 310 g", "brand": "Rybak", "price": "4.49 PLN", "packaging_details": "0.31kg- 14,48 zł / kg", "description_sections": [{"header": "Opis produktu", "content": "Ketchup został wyprodukowany ze starannie wyselekcjonowanych pomidorów, gwarantuje doskonałe walory smakowe.Ma intensywny aromat oraz wyśmienity smak. Idealnie sprawdzi się jako dodatek do wędlin, sałatek czy sosów.Produkt bezglutenowy, bez octu. Zawiera błonnik."}, {"header": "Składniki i alergeny", "content": "Składniki:koncentrat pomidorowy, cukier, kwasek cytrynowy, sól morska z mikroelementami, benzoesan sodu – konserwant, przyprawy, witamina C (kwas askorbinowy), skrobia modyfikowana, magnez, błonnik 3%,Inne informacje o zawartości produktu:Zawiera surowce GMO:Nie, \n\nOświadczenie o poprawności danych:oświadczam, że ustawa nie wymaga dla tego produktu wprowadzania poniższych danych"}, {"header": "Wartość odżywcza", "content": "W 100 gWartość energetyczna kcal95 kcalZawartość tłuszczów (ogólnie)0.3 gKwasy tłuszczowe nasycone0.1 gZawartość węglowodanów23.5 gCukry14.5 gZawartość białek0.9 gZawartość soli1.3 g"}, {"header": "Pozostałe informacje", "content": "Kraj pochodzenia:PolskaKraj pochodzenia zależy od konkretnej partii produktu jaka znajduje się w sklepie. Informację o kraju pochodzenia znajdziesz na opakowaniu. Możesz również dodać komentarz z preferowanym typem produktu w koszyku lub wiadomości dla shoppera (np. “prosze o pomidory polskie”).Dystrybutor:Rybak 1927 Sp. zo.o.Marszałkowska 8 05-822 Milanówekbiuro@rybak.com.plNazwa wymagana prawnie:Ketchup Łagodny Słodka Ania"}], "images": ["data/images/c360a85a4393687dbba2febc61d07512.jpg"], "absolute_path": "Artykuły spożywcze/Produkty z pomidorów/Ketchup/Produkt 2"}
{"name": "Produkt 9", "url": "https://zakupy.biedronka.pl/pudliszki-pudliszki-ketchup-lagodny-990-g-0000004826.html", "title": "Pudliszki Ketchup łagodny 990 g", "brand": "Pudliszki", "price": "12.99 PLN", "packaging_details": "0.99kg- 13,12 zł / kg", "description_sections": [{"header": "Składniki i alergeny", "content": "Składniki:przecier pomidorowy 70 %,cukier,ocet spirytusowy,skrobia modyfikowana kukurydziana,sól,naturalne aromaty"}, {"header": "Pozostałe informacje", "content": "Nazwa wymagana prawnie:Ketchup łagodny. Produkt pasteryzowany."}], "images": ["data/images/a78d278df5efbc6ed1d868efb72a3f46.jpg"], "absolute_path": "Artykuły spożywcze/Produkty z pomidorów/Ketchup/Produkt 9"}
{"name": "Produkt 8", "url": "https://zakupy.biedronka.pl/pudliszki-pudliszki-ketchup-pikantny-480-g-0000009763.html", "title": "Pudliszki Ketchup pikantny 480 g", "brand": "Pudliszki", "price": "7.49 PLN", "packaging_details": "0.48kg- 15,60 zł / kg", "description_sections": [{"header": "Składniki i alergeny", "content": "Składniki:przecier pomidorowy 70 %,cukier,ocet spirytusowy,skrobia modyfikowana kukurydziana,sól,naturalne aromaty (zawierająseler),pieprz cayenne 0,01 %,przyprawy,ziołaAlergeny:Zawiera SelerInne informacje o zawartości produktu:Smaki / Aromaty:Zawiera, \n\nkonserwanty:Nie zawiera"}, {"header": "Wartość odżywcza", "content": "W 100 gWartość energetyczna109 kcalTłuszcz0 gw tym kwasy tłuszczowe nasycone0 gWęglowodany25 gw tym cukry22 gBłonnik1.1 gBiałko1.7 gSól2.4 g"}, {"header": "Pozostałe informacje", "content": "Producent:Pudliszki Sp. z o.o.,\nul. Fabryczna 7,\n63-840 Krobia\nwww.pudliszki.plDystrybutor:Jeronimo Martins Polska S.A.Żniwna 5 62-025 Kostrzyn PLImporter:Jeronimo Martins Polska S.A.Żniwna 5 62-025 Kostrzyn PLNazwa wymagana prawnie:Ketchup pikantny. Produkt pasteryzowany."}], "images": ["data/images/38f6cc8ca8b76248aadf4ae7fd4d6ef7.jpg"], "absolute_path": "Artykuły spożywcze/Produkty z pomidorów/Ketchup/Produkt 8"}
{"name": "Produkt 5", "url": "https://zakupy.biedronka.pl/pudliszki-pudliszki-ketchup-lagodny-zero-dodatku-cukru-440-g-0000023901.html", "title": "Pudliszki Ketchup łagodny zero dodatku cukru 440 g", "brand": "Pudliszki", "price": "6.99 PLN", "packaging_details": "0.44kg- 15,89 zł / kg", "description_sections": [{"header": "Opis produktu", "content": "Pudliszki Ketchup Zero bez dodatku cukru"}, {"header": "Składniki i alergeny", "content": "Składniki:przecier pomidorowy 86%, ocet spirytusowy, skrobia modyfikowana kukurydziana, sól, regulator kwasowości: kwas jabłkowy, naturalne aromaty, substancja słodząca: suklaroza. Produkt może zawieraćseler. Produkt pasteryzowany. Zawiera substancję słodzącą.Inne informacje o zawartości produktu:Zawiera surowce GMO:Nie"}, {"header": "Wartość odżywcza", "content": "W 100 gWartość energetyczna kcal39 kcalZawartość tłuszczów (ogólnie)0 gKwasy tłuszczowe nasycone0 gZawartość węglowodanów8 gCukry4 gZawartość błonnika1.2 gZawartość białek0.8 gZawartość soli2.5 g"}, {"header": "Pozostałe informacje", "content": "Kraj pochodzenia:PolskaKraj pochodzenia zależy od konkretnej partii produktu jaka znajduje się w sklepie. Informację o kraju pochodzenia znajdziesz na opakowaniu. Możesz również dodać komentarz z preferowanym typem produktu w koszyku lub wiadomości dla shoppera (np. “prosze o pomidory polskie”).Importer:HJHEINZ POLSKA SP.Z O.O.Fabryczna 7 63-840 Krobia PLreklamacje@pudliszki.plNazwa wymagana prawnie:Ketchup łagodny - zero dodatku cukru. Produkt pasteryzowany"}], "images": ["data/images/54723813ea5f00de810821d78d15ac36.jpg", "data/images/78e16652df0235bbe52b3feb3f34c22a.jpg"], "absolute_path": "Artykuły spożywcze/Produkty z pomidorów/Ketchup/Produkt 5"}
{"name": "Produkt 6", "url": "https://zakupy.biedronka.pl/pudliszki-pudliszki-ketchup-pikantny-zero-cukru-440-g-0000023902.html", "title": "Pudliszki Ketchup pikantny zero cukru 440 g", "brand": "Pudliszki", "price": "6.99 PLN", "packaging_details": "0.44kg- 15,89 zł / kg", "description_sections": [{"header": "Opis produktu", "content": "Ketchup Zero pikantny 440 g"}, {"header": "Składniki i alergeny", "content": "Składniki:przecier pomidorowy 84 %, ocet spirytusowy, skrobia kukurydziana modyfikowana , sól, regulator kwasowości: kwas jabłkowy, naturalne aromaty, pieprz cayenne 0,03%, substancja słodząca: sukraloza. Produkt może zawierać:seler.Inne informacje o zawartości produktu:Zawiera surowce GMO:Nie, \n\nZawiera aromaty:Tak"}, {"header": "Wartość odżywcza", "content": "W 100 gWartość energetyczna kcal33 kcalZawartość tłuszczów (ogólnie)0.5 gKwasy tłuszczowe nasycone0.1 gZawartość węglowodanów6.2 gCukry3.9 gZawartość błonnika1.1 gZawartość białek1.5 gZawartość soli2.7 g"}, {"header": "Pozostałe informacje", "content": "Kraj pochodzenia:PolskaKraj pochodzenia zależy od konkretnej partii produktu jaka znajduje się w sklepie. Informację o kraju pochodzenia znajdziesz na opakowaniu. Możesz również dodać komentarz z preferowanym typem produktu w koszyku lub wiadomości dla shoppera (np. “prosze o pomidory polskie”).Importer:HJHEINZ POLSKA SP.Z O.O.Fabryczna 7 63-840 Krobia PLreklamacje@pudliszki.plNazwa wymagana prawnie:Ketchup pikantny bez dodatku cukru, Zawiera substancję słodzącą. Produkt pasteryzowany"}], "images": ["data/images/e9c6e185da19109cc7af916d069c18d1.jpg", "data/images/53d0c5d51018d5651684a91060bf5a32.jpg"], "absolute_path": "Artykuły spożywcze/Produkty z pomidorów/Ketchup/Produkt 6"}
{"name": "Produkt 7", "url": "https://zakupy.biedronka.pl/kotlin-kotlin-ketchup-pikantny-450-g-0000017489.html", "title": "Kotlin Ketchup pikantny 450 g", "brand": "Kotlin", "price": "6.59 PLN", "packaging_details": "0.45kg- 14,64 zł / kg", "description_sections": [{"header": "Opis produktu", "content": "bez konserwantówbezglutenowybez substancji wzmacniających smakpolski producent"}, {"header": "Składniki i alergeny", "content": "Składniki:pomidory (145 g pomidorów zużyto na 100 g produktu), cukier, ocet, skrobia modyfikowana, sól, regulatory kwasowości - kwas cytrynowy, przyprawy i ekstrakty przypraw, naturalne aromatyMoże zawieraćselerInne informacje o zawartości produktu:Zawiera surowce GMO:Nie, \n\nOsłonka niejadalna:Nie, \n\nInformacje szczegółowe dotyczące środków słodzących:Nie, \n\nZawiera lukrecję:Nie, \n\nZawiera chininę:Nie, \n\nZawiera taurynę:Nie, \n\nZawiera przeciwutleniacze:Nie, \n\nZawiera wzmacniacze smaku:Nie, \n\nZawiera fosforany:Nie, \n\nZawiera siarczyny:Nie, \n\nZawiera barwniki:Nie, \n\nZawiera aromaty:Tak, \n\nZawiera substancje konserwujące:Nie, \n\nZawiera olej palmowy:Nie, \n\nZawiera kofeinę:Nie, \n\nŚrodki spozywcze z dodatkiem fitosteroli, estrów fitosteroli, fitostanoli lub estrów fitostanoli:Nie"}, {"header": "Wartość odżywcza", "content": "W 100 gWartość energetyczna kcal97 kcalZawartość tłuszczów (ogólnie)0.5 gKwasy tłuszczowe nasycone0.1 gZawartość węglowodanów21 gCukry18 gZawartość białek1.3 gZawartość soli2.2 g"}, {"header": "Pozostałe informacje", "content": "Kraj pochodzenia:PolskaKraj pochodzenia zależy od konkretnej partii produktu jaka znajduje się w sklepie. Informację o kraju pochodzenia znajdziesz na opakowaniu. Możesz również dodać komentarz z preferowanym typem produktu w koszyku lub wiadomości dla shoppera (np. “prosze o pomidory polskie”).Importer:MW FOOD Sp. z o.o.Chopina 10 34-100 Wadowice PLmaspex@maspex.comNazwa wymagana prawnie:Ketchup pikantny. Pasteryzowany. Bezglutenowy, bez konserwantów, bez dodatku substancji wzmacniających smak"}], "images": ["data/images/dda8f4180a6699f3798c7c7faccdafb2.jpg"], "absolute_path": "Artykuły spożywcze/Produkty z pomidorów/Ketchup/Produkt 7"}
{"name": "Produkt 3", "url": "https://zakupy.biedronka.pl/dawtona-dawtona-passata-intenso-ziola-wloskie-500-g-0000018651.html", "title": "Dawtona Passata Intenso zioła włoskie 500 g", "brand": "Dawtona", "price": "5.99 PLN", "packaging_details": "0.5kg- 11,98 zł / kg", "description_sections": [{"header": "Opis produktu", "content": "Intensywnie pomidorowa, intensywnie ziołowa!"}, {"header": "Składniki i alergeny", "content": "Składniki:pomidory (229 g pomidorów na 100 g produktu),bazylia 0,5 %,sól morska,pietruszka,czosnek 0,2 %,oregano 0,02 %,tymianek 0,02 %,pieprz czarny"}, {"header": "Wartość odżywcza", "content": "W 100 gWartość energetyczna58 kcalTłuszcz0.5 gw tym kwasy tłuszczowe nasycone0.1 gWęglowodany9.5 gw tym cukry6.7 gBłonnik2.8 gBiałko2.1 gSól0.54 g"}, {"header": "Pozostałe informacje", "content": "Dystrybutor:Dawtona Sp. z o.o.ul. Bieniewicka 52 05-870 BłonieNazwa wymagana prawnie:Przetarte pomidory z ziołami. Produkt pasteryzowany."}], "images": ["data/images/7aed31a225e94d2836b64d075a5287ca.jpg"], "absolute_path": "Artykuły spożywcze/Produkty z pomidorów/Przeciery i koncentraty/Produkt 3"}
{"name": "Produkt 10", "url": "https://zakupy.biedronka.pl/pudliszki-pudliszki-ketchup-pikantny-990-g-0000004825.html", "title": "Pudliszki Ketchup pikantny 990 g", "brand": "Pudliszki", "price": "12.99 PLN", "packaging_details": "0.99kg- 13,12 zł / kg", "description_sections": [{"header": "Składniki i alergeny", "content": "Składniki:przecier pomidorowy 70 %,cukier,ocet spirytusowy,skrobia modyfikowana kukurydziana,sól,naturalne aromaty (zawierająseler),pieprz cayenne 0,01 %,przyprawy,zioła"}, {"header": "Pozostałe informacje", "content": "Nazwa wymagana prawnie:Ketchup pikantny. Produkt pasteryzowany."}], "images": ["data/images/b200aee9d4f64b03675f09f7fe4f7d90.jpg"], "absolute_path": "Artykuły spożywcze/Produkty z pomidorów/Ketchup/Produkt 10"}
{"name": "Produkt 1", "url": "https://zakupy.biedronka.pl/gusto-bello-gusto-bello-passata-klasyczna-690-g-0000011197.html", "title": "Gusto Bello Passata klasyczna 690 g", "brand": "Gusto Bello", "price": "7.55 PLN", "packaging_details": "0.69kg- 10,94 zł / kg", "description_sections": [{"header": "Składniki i alergeny", "content": "Składniki:pomidory (99,5%), sól, regulator kwasowości: kwas cytrynowy.Inne informacje o zawartości produktu:Zawiera surowce GMO:Nie"}, {"header": "Wartość odżywcza", "content": "W 100 gWartość energetyczna kcal28 kcalZawartość tłuszczów (ogólnie)0.1 gKwasy tłuszczowe nasycone0.1 gZawartość węglowodanów4.1 gCukry3.5 gZawartość błonnika1.8 gZawartość białek1.4 gZawartość soli0.5 g"}, {"header": "Pozostałe informacje", "content": "Kraj pochodzenia:WłochyKraj pochodzenia zależy od konkretnej partii produktu jaka znajduje się w sklepie. Informację o kraju pochodzenia znajdziesz na opakowaniu. Możesz również dodać komentarz z preferowanym typem produktu w koszyku lub wiadomości dla shoppera (np. “prosze o pomidory polskie”).Dystrybutor:Jeronimo Martins Polska S.A.Żniwna 5 62-025 Kostrzyn PLImporter:Jeronimo Martins Polska S.A.Żniwna 5 62-025 Kostrzyn PLNazwa wymagana prawnie:Przetarte pomidory. Passata. Produkt pasteryzowany."}], "images": ["data/images/80ec9bc719e98e7ffd085a4cef9b7193.jpg"], "absolute_path": "Artykuły spożywcze/Produkty z pomidorów/Przeciery i koncentraty/Produkt 1"}
{"name": "Produkt 2", "url": "https://zakupy.biedronka.pl/nasza-spizarnia-nasza-spizarnia-pulpa-pomidorowa-400-g-0000017477.html", "title": "Nasza Spiżarnia Pulpa pomidorowa 400 g", "brand": "Nasza Spiżarnia", "price": "3.29 PLN", "packaging_details": "0.4kg- 8,23 zł / kg", "description_sections": [{"header": "Opis produktu", "content": "Nutriscore:A"}, {"header": "Składniki i alergeny", "content": "Składniki:pomidory 100 %. Zawartość ekstraktu ogólnego nie mniej niż 6 %.Inne informacje o zawartości produktu:Zawiera surowce GMO:Nie, \n\nPoziom znakowania Nutriscore:A"}, {"header": "Wartość odżywcza", "content": "W 100 gWartość energetyczna kcal31 kcalZawartość tłuszczów (ogólnie)0.5 gKwasy tłuszczowe nasycone0.1 gZawartość węglowodanów5 gCukry5 gZawartość błonnika1.4 gZawartość białek1.4 gZawartość soli0 g"}, {"header": "Pozostałe informacje", "content": "Kraj pochodzenia:PolskaKraj pochodzenia zależy od konkretnej partii produktu jaka znajduje się w sklepie. Informację o kraju pochodzenia znajdziesz na opakowaniu. Możesz również dodać komentarz z preferowanym typem produktu w koszyku lub wiadomości dla shoppera (np. “prosze o pomidory polskie”).Dystrybutor:Jeronimo Martins Polska S.A.Żniwna 5 62-025 Kostrzyn PLImporter:Jeronimo Martins Polska S.A.Żniwna 5 62-025 Kostrzyn PLNazwa wymagana prawnie:Pomidory drobno krojone. Produkt pasteryzowany."}], "images": ["data/images/967506dc187d8615945eb309d88db5b2.jpg", "data/images/0511e38f1f70b2554fe57d72980d2879.jpg", "data/images/f2ec83ec517e07a7b7db07c237ed4e3f.jpg"], "absolute_path": "Artykuły spożywcze/Produkty z pomidorów/Przeciery i koncentraty/Produkt 2"}
{"name": "Produkt 4", "url": "https://zakupy.biedronka.pl/pudliszki-pudliszki-koncentrat-pomidorowy-190-g--0000012511.html", "title": "Pudliszki Koncentrat pomidorowy 190 g", "brand": "Pudliszki", "price": "4.99 PLN", "packaging_details": "0.19kg- 26,26 zł / kg", "description_sections": [{"header": "Składniki i alergeny", "content": "Składniki:Zawartość ekstraktu 30 %+/-2 %"}, {"header": "Wartość odżywcza", "content": "W 100 gWartość energetyczna99 kcalTłuszcz0.5 gw tym kwasy tłuszczowe nasycone0.2 gWęglowodany17 gw tym cukry17 gBłonnik3.7 gBiałko5.3 gSól0.09 g"}, {"header": "Pozostałe informacje", "content": "Producent:Pudliszki Sp. z o.o.,\nPudliszki,\nul. Fabryczna 7,\n63-840 Krobia\nPodziel się opinią: 801 190 190\nKoszt połączenia według taryfy operatora\nfacebook.pl\\Pudliszki\nwww.pudliszki.plDystrybutor:Pudliszki Sp. z o.o.Pudliszki ul. Fa bryczna 7Nazwa wymagana prawnie:Koncentrat pomidorowy 30 %. Produkt pasteryzowany."}], "images": ["data/images/2ef44b4802221e342273e80b7f7b0e9a.jpg"], "absolute_path": "Artykuły spożywcze/Produkty z pomidorów/Przeciery i koncentraty/Produkt 4"}
{"name": "Produkt 1", "url": "https://zakupy.biedronka.pl/tarczynski-tarczynski-kabanosy-roslinne-oryginalne-90-g-0000008022.html", "title": "Tarczyński Kabanosy roślinne oryginalne 90 g", "brand": "Tarczyński", "price": "7.42 PLN", "packaging_details": "0.09kg- 82,44 zł / kg", "description_sections": [{"header": "Opis produktu", "content": "Takie, jak lubisz, ale rośl-inne.Poznaj wyrazisty smak i wyjątkową kruchość naszych kabanosów przygotowanych dla Ciebie z roślin.Wiemy, że świat potrzebuje produktów białkowych, dlatego stworzyliśmy kabanosy rośl-inne o wysokiej zawartości protein i będące źródłem błonnika."}, {"header": "Składniki i alergeny", "content": "Składniki:cebula suszona 22 %,białkosojowe14 %,olej rzepakowy,nasiona słonecznika 9 %,burak 9 %,tłuszcz kokosowy,marchew 4 %,korzeń pietruszki 4 %,sól,aromaty (w tym aromat dymu wędzarniczego),tłuszcz Shea,cukier,przyprawy,błonnikpszennybezglutenowy,burak w proszku 0,6 %,ekstrakty przypraw,przeciwutleniacz: askorbinian sodu,żelazo,witamina B12,Osłonka jadalna - substancja żelująca: alginian sodu, stabilizatory: celuloza, chlorek wapniaAlergeny:Może zawierać Seler, \n\nMoże zawierać Zboża zawierające gluten, \n\nMoże zawierać Mleko, \n\nMoże zawierać Gorczyca, \n\nMoże zawierać Orzechy, \n\nZawiera Soja, \n\nZawiera PszenicaInne informacje o zawartości produktu:Przeciwutleniacze:Zawiera, \n\nSmaki / Aromaty:Zawiera"}, {"header": "Wartość odżywcza", "content": "W 100 gWartość energetyczna371 kcalTłuszcz25 gw tym kwasy tłuszczowe nasycone9.6 gWęglowodany16 gw tym cukry8.3 gBłonnik11 gBiałko15 gSól3.1 gWitaminy i składniki mineralnew 100  g% RWS w 100  gWitamina B120.94 µg17%Żelazo5.3 mg17%"}, {"header": "Pozostałe informacje", "content": "Producent:TARCZYŃSKI S.A.\nUjeździec Mały 80,\n55-100 Trzebnica,\nPolskaNazwa wymagana prawnie:Rośl-inne kabanosy oryginalne. Wyrób roślinny na bazie białka sojowego, wędzony, parzony, suszony, z warzywami, wzbogacany w żelazo i witaminę B12."}], "images": ["data/images/9bf10a2e315ef23c51677e005167390a.jpg"], "absolute_path": "Artykuły spożywcze/Produkty roślinne/Wędliny vege/Produkt 1"}
{"name": "Produkt 7", "url": "https://zakupy.biedronka.pl/dawtona-dawtona-passata-intenso-ziola-polskie-500-g-0000018652.html", "title": "Dawtona Passata Intenso zioła polskie 500 g", "brand": "Dawtona", "price": "5.99 PLN", "packaging_details": "0.5kg- 11,98 zł / kg", "description_sections": [{"header": "Opis produktu", "content": "Intensywnie pomidorowa, intensywnie ziołowa!"}, {"header": "Składniki i alergeny", "content": "Składniki:pomidory (229 g pomidorów na 100 g produktu),pietruszka 0,7 %,sól morska,zioła 0,1 % (lubczyk, szczypiorek, liść laurowy),ekstrakt koperku 0,01 %"}, {"header": "Wartość odżywcza", "content": "W 100 gWartość energetyczna58 kcalTłuszcz0.5 gw tym kwasy tłuszczowe nasycone0.1 gWęglowodany9.4 gw tym cukry6.7 gBłonnik2.8 gBiałko2.1 gSól0.34 g"}, {"header": "Pozostałe informacje", "content": "Dystrybutor:Dawtona Sp. z o.o.ul. Bieniewicka 52 05-870 BłonieNazwa wymagana prawnie:Przetarte pomidory z ziołami. Produkt pasteryzowany."}], "images": ["data/images/182e29506883fc6be09d50e540fa01f1.jpg"], "absolute_path": "Artykuły spożywcze/Produkty z pomidorów/Przeciery i koncentraty/Produkt 7"}
{"name": "Produkt 5", "url": "https://zakupy.biedronka.pl/dawtona-dawtona-koncentrat-pomidorowy-190-g-0000017763.html", "title": "Dawtona Koncentrat pomidorowy 190 g", "brand": "Dawtona", "price": "3.59 PLN", "packaging_details": "0.19kg- 18,89 zł / kg", "description_sections": [{"header": "Składniki i alergeny", "content": "Składniki:Zawartość ekstraktu: 28-30 %"}, {"header": "Wartość odżywcza", "content": "W 100 gWartość energetyczna101 kcalTłuszcz0 gw tym kwasy tłuszczowe nasycone0 gWęglowodany19 gw tym cukry16 gBłonnik3.9 gBiałko4.3 gSól0.05 g"}, {"header": "Pozostałe informacje", "content": "Producent:Dawtona Sp. z o.o.\nul. Bieniewicka 52,\n05-870 Błonie\nwww.dawtona.plNazwa wymagana prawnie:Koncentrat pomidorowy. Produkt pasteryzowany."}], "images": ["data/images/ef2891de637747ea815d9f789705860b.jpg"], "absolute_path": "Artykuły spożywcze/Produkty z pomidorów/Przeciery i koncentraty/Produkt 5"}
{"name": "Produkt 6", "url": "https://zakupy.biedronka.pl/mutti-mutti-passata-butelka-700-g-0000006099.html", "title": "Mutti Passata butelka 700 g", "brand": "Mutti", "price": "9.59 PLN", "packaging_details": "0.7kg- 13,70 zł / kg", "description_sections": [{"header": "Opis produktu", "content": "Produkt wyprodukowany wyłącznie ze świeżych pomidorów raz w roku w okresie letnim, dzięki czemu zachowując swój wyjątkowy kolor i smak."}, {"header": "Składniki i alergeny", "content": "Składniki:pomidory (99,5%), sól"}, {"header": "Pozostałe informacje", "content": "Kraj pochodzenia:WłochyKraj pochodzenia zależy od konkretnej partii produktu jaka znajduje się w sklepie. Informację o kraju pochodzenia znajdziesz na opakowaniu. Możesz również dodać komentarz z preferowanym typem produktu w koszyku lub wiadomości dla shoppera (np. “prosze o pomidory polskie”).Dystrybutor:Jeronimo Martins Polska S.A.Żniwna 5 62-025 Kostrzyn PLImporter:Jeronimo Martins Polska S.A.Żniwna 5 62-025 Kostrzyn PLNazwa wymagana prawnie:Mutti Passata butelka 700 g - produkt pasteryzowany"}], "images": ["data/images/b3b87e6f5ea6d2f392af68f79509d55c.jpg", "data/images/2c7c4eacbb94df720d407345258780b3.jpg", "data/images/b6abdebc9f87bd4a9b76ffeef76ff51e.jpg"], "absolute_path": "Artykuły spożywcze/Produkty z pomidorów/Przeciery i koncentraty/Produkt 6"}
{"name": "Produkt 8", "url": "https://zakupy.biedronka.pl/dawtona-dawtona-passata-intenso-pikantna-z-chili-500-g-0000018653.html", "title": "Dawtona Passata Intenso pikantna z chili 500 g", "brand": "Dawtona", "price": "5.99 PLN", "packaging_details": "0.5kg- 11,98 zł / kg", "description_sections": [{"header": "Opis produktu", "content": "Intensywnie pomidorowa, intensywnie ziołowa!"}, {"header": "Składniki i alergeny", "content": "Składniki:pomidory (229 g pomidorów na 100 g produktu),papryka czerwona,sól morska,czosnek 0,2 %,chilli 0,1 %,cebula,oregano"}, {"header": "Wartość odżywcza", "content": "W 100 gWartość energetyczna60 kcalTłuszcz0.5 gw tym kwasy tłuszczowe nasycone0.1 gWęglowodany9.8 gw tym cukry6.9 gBłonnik2.8 gBiałko2.2 gSól0.34 g"}, {"header": "Pozostałe informacje", "content": "Dystrybutor:Dawtona Sp. z o.o.ul. Bieniewicka 52 05-870 BłonieNazwa wymagana prawnie:Przetarte pomidory z chili. Produkt pasteryzowany."}], "images": ["data/images/a0650011c270dadf83aa63d72b6e5b05.jpg"], "absolute_path": "Artykuły spożywcze/Produkty z pomidorów/Przeciery i koncentraty/Produkt 8"}
{"name": "Produkt 3", "url": "https://zakupy.biedronka.pl/tarczynski-tarczynski-kabanosy-roslinne-o-smaku-piri-piri-90-g-0000008023.html", "title": "Tarczyński Kabanosy roślinne o smaku piri-piri 90 g", "brand": "Tarczyński", "price": "7.42 PLN", "packaging_details": "0.09kg- 82,44 zł / kg", "description_sections": [{"header": "Opis produktu", "content": "Takie, jak lubisz, ale rośl-inne.Poznaj wyrazisty smak i wyjątkową kruchość naszych kabanosów przygotowanych dla Ciebie z roślin.Wiemy, że świat potrzebuje produktów białkowych, dlatego stworzyliśmy kabanosy rośl-inne o wysokiej zawartości protein i będące źródłem błonnika."}, {"header": "Składniki i alergeny", "content": "Składniki:cebula suszona 20 %,korzeń z boczniaka ostrygowatego 15 %,olej rzepakowy,białkosojowe13 %,nasiona słonecznika 8 %,burak 8 %,tłuszcz kokosowy,marchew 3,5 %,korzeń pietruszki 3,5 %,sól,tłuszcz Shea,przyprawy (w tym papryka piri piri 0,1 %, zawierajągorczycę),błonnikpszennybezglutenowy,aromaty (w tym aromat dymu wędzarniczego),burak w proszku 0,6 %,cukier,ekstrakty przypraw,przeciwutleniacz: askorbinian sodu,żelazo,witamina B12,osłonka jadalna - substancja żelująca: alginian sodu, stabilizatory: celuloza, chlorek wapnia,Alergeny:Może zawierać Seler, \n\nMoże zawierać Zboża zawierające gluten, \n\nMoże zawierać Mleko, \n\nZawiera Gorczyca, \n\nMoże zawierać Orzechy, \n\nZawiera Soja, \n\nZawiera PszenicaInne informacje o zawartości produktu:Przeciwutleniacze:Zawiera, \n\nSmaki / Aromaty:Zawiera"}, {"header": "Wartość odżywcza", "content": "W 100 gWartość energetyczna370 kcalTłuszcz26 gw tym kwasy tłuszczowe nasycone9.7 gWęglowodany14 gw tym cukry7.7 gBłonnik12 gBiałko14 gSól3.1 gWitaminy i składniki mineralnew 100  g% RWS w 100  gWitamina B120.94 µg17%Żelazo5.3 mg17%"}, {"header": "Pozostałe informacje", "content": "Producent:TARCZYŃSKI S.A.\nUjeździec Mały 80,\n55-100 Trzebnica,\nPolskaNazwa wymagana prawnie:Rośl-inne kabanosy piri-piri. Wyrób roślinny na bazie białka sojowego, wędzony, parzony, suszony, z warzywami, wzbogacany w żelazo i witaminę B12."}], "images": ["data/images/9ec17fb757e76be16668315381251e59.jpg"], "absolute_path": "Artykuły spożywcze/Produkty roślinne/Wędliny vege/Produkt 3"}
{"name": "Produkt 1", "url": "https://zakupy.biedronka.pl/alpro-alpro-skyr-alternative-produkt-sojowy-mango-400-g-0000008539.html", "title": "Alpro Skyr Alternative Produkt sojowy mango 400 g", "brand": "Alpro", "price": "9.99 PLN", "packaging_details": "0.4kg- 24,98 zł / kg", "description_sections": [{"header": "Opis produktu", "content": "Alpro Skyr Style sojowy mango 400 gNutriscore:A"}, {"header": "Składniki i alergeny", "content": "Składniki:baza sojowa (81,3%) (woda, obłuszczone ziarnosoi(13,9%)), cukier, mango (5,1%), sok z marakui z soku zagęszczonego (4,6%), stabilizator (pektyny), regulatory kwasowości (cytryniany sodu, kwas cytrynowy), wapń, sól morska, aromaty, przeciwutleniacze (mieszanina tokoferoli, estry kwasów tłuszczowych i kwasu askorbinowego), witaminy B12, B2, D2, kultury jogurtowe (S. thermophilus, L. bulgaricus). Może zawieraćorzechy(nie zawiera orzeszków ziemnych).Alergeny:Soja i produkty pochodneInne informacje o zawartości produktu:Zawiera surowce GMO:Nie, \n\nZawiera przeciwutleniacze:Tak, \n\nZawiera aromaty:Tak, \n\nPoziom znakowania Nutriscore:A"}, {"header": "Wartość odżywcza", "content": "W 100 gWartość energetyczna kcal84 kcalZawartość tłuszczów (ogólnie)3 gKwasy tłuszczowe nasycone0.5 gZawartość węglowodanów8.4 gCukry8.1 gZawartość błonnika1.2 gZawartość białek5.2 gZawartość soli0.26 gWitaminy i składniki mineralnew 100 g% RWS w 100 gRyboflawina (witamina B2)0.21 mg15%Wapń120 mg15%Witamina B120.38 μg15%Witamina D0.75 μg15%"}, {"header": "Pozostałe informacje", "content": "Kraj pochodzenia:BelgiaKraj pochodzenia zależy od konkretnej partii produktu jaka znajduje się w sklepie. Informację o kraju pochodzenia znajdziesz na opakowaniu. Możesz również dodać komentarz z preferowanym typem produktu w koszyku lub wiadomości dla shoppera (np. “prosze o pomidory polskie”).Producent:Danone sp. z o.o.,\nul. Bobrowiecka 8,\n00-728 Warszawa\n801 331 133\ninfo.polska@alpro.comImporter:Danone Sp. z o.o.Redutowa 9/23 01-103 Warszawa PLrecepcja.warszawa@danone.comNazwa wymagana prawnie:Produkt sojowy z żywymi kulturami bakterii, mango, z wapniem i witaminami."}], "images": ["data/images/9efe1d47c964d2ef898038b213892ac4.jpg"], "absolute_path": "Artykuły spożywcze/Produkty roślinne/Jogurty vege/Produkt 1"}
{"name": "Produkt 3", "url": "https://zakupy.biedronka.pl/alpro-alpro-skyr-style-sojowy-wanilia-400-g-0000008540.html", "title": "Alpro Skyr Style sojowy wanilia 400 g", "brand": "Alpro", "price": "9.99 PLN", "packaging_details": "0.4kg- 24,98 zł / kg", "description_sections": [{"header": "Opis produktu", "content": "Alpro Skyr Style sojowy wanilia 400 gNutriscore:A"}, {"header": "Składniki i alergeny", "content": "Składniki:baza sojowa (91,5%) (woda, obłuszczone ziarnosoi(13,9%)), cukier, stabilizator (pektyny), regulatory kwasowości (kwas cytrynowy, cytryniany sodu, kwas jabłkowy), wapń, naturalny aromat, sól morska, przeciwutleniacze (mieszanina tokoferoli, estry kwasów tłuszczowych i kwasu askorbinowego), zmielone ekstrahowane laski wanilii (0,02%), naturalny aromat waniliowy z innymi naturalnymi aromatami, sok z marchwi zagęszczony, witaminy B12, B2, D2, kultury jogurtowe (S. thermophilus, L. bulgaricus). Może zawieraćorzechy(nie zawiera orzeszków ziemnych).Alergeny:Soja i produkty pochodneInne informacje o zawartości produktu:Zawiera surowce GMO:Nie, \n\nZawiera przeciwutleniacze:Tak, \n\nZawiera aromaty:Tak, \n\nPoziom znakowania Nutriscore:A"}, {"header": "Wartość odżywcza", "content": "W 100 gWartość energetyczna kcal77 kcalZawartość tłuszczów (ogólnie)3 gKwasy tłuszczowe nasycone0.5 gZawartość węglowodanów6.8 gCukry6.5 gZawartość błonnika1.1 gZawartość białek5.1 gZawartość soli0.24 gWitaminy i składniki mineralnew% RWS wRyboflawina (%RWS)15 %RWS0%Ryboflawina (witamina B2)0.21 mg0%Wapń120 mg0%Wapń (%RWS)15 %RWS0%Witamina B120.38 μg0%Witamina B12 (%RWS)15 %RWS0%Witamina D0.75 μg0%Witamina D (%RWS)15 %RWS0%"}, {"header": "Pozostałe informacje", "content": "Kraj pochodzenia:BelgiaKraj pochodzenia zależy od konkretnej partii produktu jaka znajduje się w sklepie. Informację o kraju pochodzenia znajdziesz na opakowaniu. Możesz również dodać komentarz z preferowanym typem produktu w koszyku lub wiadomości dla shoppera (np. “prosze o pomidory polskie”).Dystrybutor:Danone Sp. z o.o.Redutowa 9/23 01-103 Warszawarecepcja.warszawa@danone.comNazwa wymagana prawnie:Alpro Produkt sojowy z żywymi kulturami bakterii o smaku waniliowym, z wapniem i witaminami."}], "images": ["data/images/49d9659fd18499d0d85d38b454e09e5b.jpg"], "absolute_path": "Artykuły spożywcze/Produkty roślinne/Jogurty vege/Produkt 3"}
{"name": "Produkt 2", "url": "https://zakupy.biedronka.pl/alpro-alpro-skyr-style-sojowy-waniliowy-150-g-0000019312.html", "title": "Alpro Skyr Style sojowy waniliowy 150 g", "brand": "Alpro", "price": "4.99 PLN", "packaging_details": "0.15kg- 33,27 zł / kg", "description_sections": [{"header": "Opis produktu", "content": "Alpro Skyr Style sojowy waniliowy 150 gNutriscore:A"}, {"header": "Składniki i alergeny", "content": "Składniki:Baza sojowa (91,5%) (woda, obłuszczone ziarnosoi(13,9%)), cukier, stabilizator (pektyny), regulatory kwasowości (kwas cytrynowy, cytryniany sodu, kwas jabłkowy), wapń, naturalny aromat, sól morska, przeciwutleniacze (mieszanina tokoferoli, estry kwasów tłuszczowych kwasu askorbinowego), zmielone ekstrahowane laski wanilii (0,02%), naturalny aromat waniliowy z innymi naturalnymi aromatami, sok z marchwi zagęszczony, witaminy B12, B2, D2, kultury jogurtowe (St. thermophilus, L. bulgaricus)Alergeny:Soja i produkty pochodneInne informacje o zawartości produktu:Zawiera surowce GMO:Nie, \n\nZawiera przeciwutleniacze:Tak, \n\nZawiera aromaty:Tak, \n\nPoziom znakowania Nutriscore:A"}, {"header": "Wartość odżywcza", "content": "W 100 gWartość energetyczna kcal77 kcalZawartość tłuszczów (ogólnie)3 gKwasy tłuszczowe nasycone0.5 gZawartość węglowodanów6.8 gCukry6.5 gZawartość błonnika1.1 gZawartość białek5.1 gZawartość soli0.24 gWitaminy i składniki mineralnew 100 g% RWS w 100 gRyboflawina (witamina B2)0.21 mg15%Wapń120 mg15%Witamina B120.38 μg15%Witamina D0.75 μg15%"}, {"header": "Pozostałe informacje", "content": "Kraj pochodzenia:BelgiaKraj pochodzenia zależy od konkretnej partii produktu jaka znajduje się w sklepie. Informację o kraju pochodzenia znajdziesz na opakowaniu. Możesz również dodać komentarz z preferowanym typem produktu w koszyku lub wiadomości dla shoppera (np. “prosze o pomidory polskie”).Producent:Danone sp. z o.o.,\nul. Bobrowiecka 8,\n00-728 Warszawa\n801 331 133\ninfo.polska@alpro.comImporter:Danone Sp. z o.o.Redutowa 9/23 01-103 Warszawa PLrecepcja.warszawa@danone.comNazwa wymagana prawnie:Produkt sojowy z żywymi kulturami bakterii, o smaku waniliowym, z wapniem i witaminami."}], "images": ["data/images/7b5b4e35530177180e6572702babddc8.jpg"], "absolute_path": "Artykuły spożywcze/Produkty roślinne/Jogurty vege/Produkt 2"}
{"name": "Produkt 2", "url": "https://zakupy.biedronka.pl/tarczynski-tarczynski-kabanosy-roslinne-3-ziarna-90-g-0000008021.html", "title": "Tarczyński Kabanosy roślinne 3 ziarna 90 g", "brand": "Tarczyński", "price": "7.42 PLN", "packaging_details": "0.09kg- 82,44 zł / kg", "description_sections": [{"header": "Opis produktu", "content": "Takie, jak lubisz, ale rośl-inne.Poznaj wyrazisty smak i wyjątkową kruchość naszych kabanosów przygotowanych dla Ciebie z roślin.Wiemy, że świat potrzebuje produktów białkowych, dlatego stworzyliśmy kabanosy rośl-inne o wysokiej zawartości protein i będące źródłem błonnika."}, {"header": "Składniki i alergeny", "content": "Składniki:ziarna [słonecznik 17 %, siemię lniane 6 %, nasiona chia 1 % (Salvia hispanica)],cebula suszona 16 %,białkosojowe10 %,olej rzepakowy,burak 6 %,tłuszcz kokosowy,marchew 3 %,korzeń pietruszki 3 %,sól,aromaty (w tym aromat dymu wędzarniczego),tłuszcz Shea,cukier,przyprawy,błonnikpszennybezglutenowy,burak w proszku 0,4 %,ekstrakty przypraw,przeciwutleniacz: askorbinian sodu,żelazo,witamina B12,Osłonka jadalna - substancja żelująca: alginian sodu, stabilizatory: celuloza, chlorek wapniaAlergeny:Może zawierać Seler, \n\nMoże zawierać Zboża zawierające gluten, \n\nMoże zawierać Mleko, \n\nMoże zawierać Gorczyca, \n\nMoże zawierać Orzechy, \n\nZawiera Soja, \n\nZawiera PszenicaInne informacje o zawartości produktu:Przeciwutleniacze:Zawiera, \n\nSmaki / Aromaty:Zawiera"}, {"header": "Wartość odżywcza", "content": "W 100 gWartość energetyczna384 kcalTłuszcz27 gw tym kwasy tłuszczowe nasycone9.4 gWęglowodany9.9 gw tym cukry4.5 gBłonnik8.6 gBiałko21 gSól3.2 gWitaminy i składniki mineralnew 100  g% RWS w 100  gWitamina B120.94 µg17%Żelazo5.3 mg17%"}, {"header": "Pozostałe informacje", "content": "Producent:TARCZYŃSKI S.A.\nUjeździec Mały 80,\n55-100 Trzebnica,\nPolskaNazwa wymagana prawnie:Rośl-inne kabanosy 3 ziarna. Wyrób roślinny na bazie białka sojowego, wędzony, parzony, suszony, z ziarnami i warzywami, wzbogacony w żelazo i witaminę B12."}], "images": ["data/images/2b5484ef17f58418468a6d07ec53699c.jpg"], "absolute_path": "Artykuły spożywcze/Produkty roślinne/Wędliny vege/Produkt 2"}
{"name": "Produkt 3", "url": "https://zakupy.biedronka.pl/go-vege-go-vege-pasta-warzywna-biala-fasola-siemie-lniane-180-g-0000007900.html", "title": "Go Vege Pasta warzywna biała fasola, siemię lniane 180 g", "brand": "Go Vege", "price": "5.75 PLN", "packaging_details": "0.18kg- 31,94 zł / kg", "description_sections": [{"header": "Składniki i alergeny", "content": "Składniki:fasola biała 35%,seler, olej rzepakowy, woda, cebula, cebula suszona, nasiona słonecznika, koncentrat soku jabłkowego, sól, koncentrat soku z cytryny, siemię lniane 0,24%, pieprz czarny mielony, kminek mielony. Produkt może zawieraćgorczycę.Alergeny:Seler i produkty pochodneInne informacje o zawartości produktu:Zawiera surowce GMO:Nie, \n\nDodatkowe informacje na temat produktu:Odpowiedni dla wegan."}, {"header": "Wartość odżywcza", "content": "W 100 gWartość energetyczna kcal220 kcalZawartość tłuszczów (ogólnie)17 gKwasy tłuszczowe nasycone1.5 gZawartość węglowodanów9.4 gCukry4.3 gZawartość błonnika5.7 gZawartość białek3.8 gZawartość soli1.3 g"}, {"header": "Pozostałe informacje", "content": "Producent:Jeronimo Martins Polska S.A.Dystrybutor:Jeronimo Martins Polska S.A.Żniwna 5 62-025 KostrzynImporter:Jeronimo Martins Polska S.A.Żniwna 5 62-025 Kostrzyn PLNazwa wymagana prawnie:Pasta z białej fasoli z siemieniem lnianym. Produkt sterylizowany."}], "images": ["data/images/5ef04335a8d590316c53975f19bfcce9.jpg", "data/images/7e6f14b7e86aac4d5bcd502596089be2.jpg", "data/images/86fb3bc529f6b71f71b1d86b2e6a13b0.jpg"], "absolute_path": "Artykuły spożywcze/Produkty roślinne/Produkty vege/Produkt 3"}
{"name": "Produkt 4", "url": "https://zakupy.biedronka.pl/alpro-alpro-skyr-style-sojowy-mango-150-g-0000019311.html", "title": "Alpro Skyr Style sojowy mango 150 g", "brand": "Alpro", "price": "4.99 PLN", "packaging_details": "0.15kg- 33,27 zł / kg", "description_sections": [{"header": "Opis produktu", "content": "Alpro Skyr Style sojowy mango 150 gNutriscore:A"}, {"header": "Składniki i alergeny", "content": "Składniki:Baza sojowa (81,3%) (woda, obłuszczone ziarnosoi(13,9%)), cukier, mango (5,1%), sok z marakui z soku zagęszczonego (4,6%), stabilizator (pektyny), regulatory kwasowości (cytryniany sodu, kwas cytrynowy), wapń, sól morska, aromaty, przeciwutleniacze (mieszaninya tokoferoli, estry kwasów tłuszczowych i kwasu askorbinowego), witaminy B2, B12, D2, kultury jogurtowe (S. thermophilus, L. bulgaricus)Alergeny:Soja i produkty pochodneInne informacje o zawartości produktu:Zawiera surowce GMO:Nie, \n\nZawiera przeciwutleniacze:Tak, \n\nZawiera aromaty:Tak, \n\nPoziom znakowania Nutriscore:A"}, {"header": "Wartość odżywcza", "content": "W 100 gWartość energetyczna kcal84 kcalZawartość tłuszczów (ogólnie)3 gKwasy tłuszczowe nasycone0.5 gZawartość węglowodanów8.4 gCukry8.1 gZawartość błonnika1.2 gZawartość białek5.2 gZawartość soli0.26 gWitaminy i składniki mineralnew 100 g% RWS w 100 gRyboflawina (witamina B2)0.21 mg15%Wapń120 mg15%Witamina B120.38 μg15%Witamina D0.75 μg15%"}, {"header": "Pozostałe informacje", "content": "Kraj pochodzenia:BelgiaKraj pochodzenia zależy od konkretnej partii produktu jaka znajduje się w sklepie. Informację o kraju pochodzenia znajdziesz na opakowaniu. Możesz również dodać komentarz z preferowanym typem produktu w koszyku lub wiadomości dla shoppera (np. “prosze o pomidory polskie”).Producent:Danone sp. z o.o.,\nul. Bobrowiecka 8,\n00-728 Warszawa\n801 331 133\ninfo.polska@alpro.comImporter:Danone Sp. z o.o.Redutowa 9/23 01-103 Warszawa PLrecepcja.warszawa@danone.comNazwa wymagana prawnie:Produkt sojowy z żywymi kulturami bakterii, mango, z wapniem i witaminami."}], "images": ["data/images/3fc64fc759878aff52facdb86615701e.jpg"], "absolute_path": "Artykuły spożywcze/Produkty roślinne/Jogurty vege/Produkt 4"}
{"name": "Produkt 2", "url": "https://zakupy.biedronka.pl/go-vege-go-vege-pasta-warzywna-suszone-pomidory-zurawina-180-g-0000007898.html", "title": "Go Vege Pasta warzywna suszone pomidory, żurawina 180 g", "brand": "Go Vege", "price": "5.75 PLN", "packaging_details": "0.18kg- 31,94 zł / kg", "description_sections": [{"header": "Składniki i alergeny", "content": "Składniki:fasola biała, woda, dynia, olej rzepakowy, koncentrat pomidorowy 7,7%, pomidor suszony 3,8% (pomidor suszony, sól), żurawina suszona 3,2% (żurawina suszona, cukier trzcinowy, olej słonecznikowy), sól, zioła, czosnek suszony, bazylia suszona 0,22%, cebula suszona. Produkt może zawieraćgorczycę,seler.Inne informacje o zawartości produktu:Zawiera surowce GMO:Nie, \n\nDodatkowe informacje na temat produktu:Odpowiedni dla wegan."}, {"header": "Wartość odżywcza", "content": "W 100 gWartość energetyczna kcal212 kcalZawartość tłuszczów (ogólnie)17 gKwasy tłuszczowe nasycone1.3 gZawartość węglowodanów9.7 gCukry6.3 gZawartość błonnika4.5 gZawartość białek3.3 gZawartość soli1.2 g"}, {"header": "Pozostałe informacje", "content": "Producent:Jeronimo Martins Polska S.A.Dystrybutor:Jeronimo Martins Polska S.A.Żniwna 5 62-025 KostrzynImporter:Jeronimo Martins Polska S.A.Żniwna 5 62-025 Kostrzyn PLNazwa wymagana prawnie:Pasta z suszonymi pomidorami i żurawiną. Produkt sterylizowany."}], "images": ["data/images/f6e9fc20a3c9ad8ebb7206250a0baa0b.jpg", "data/images/b596fa356399d37640f07633cff9e7bf.jpg", "data/images/81f452a5f245471066baee341509d5ef.jpg"], "absolute_path": "Artykuły spożywcze/Produkty roślinne/Produkty vege/Produkt 2"}
{"name": "Produkt 1", "url": "https://zakupy.biedronka.pl/garden-gourmet-garden-gourmet-wegetarianski-produkt-na-bazie-marchwi-i-groszku-veggie-balls-200-g-0000010523.html", "title": "Garden Gourmet Wegetariański produkt na bazie marchwi i groszku Veggie Balls 200 g", "brand": "Garden Gourmet", "price": "11.99 PLN", "packaging_details": "0.2kg- 68,51 zł / kg", "description_sections": [{"header": "Opis produktu", "content": "Klopsiki Warzywne GARDEN GOURMET to produkt wegetariański przygotowany na bazie warzyw z dodatkiem białka pszennego oraz sojowego. Jest to niezwykłe połączenie marchewki, czerwonej papryki, kukurydzy, groszku i cebuli. Klopsiki Warzywne stanowią pyszną alternatywę i urozmaicenie dla codziennych potraw bez mięsa. Dzięki swojemu łagodnemu smakowi, zasmakują zarówno Tobie, jak i całej Twojej rodzinie, w tym dzieciom.Warzywne Klopsiki Garden Gourmet to sposób na wyjątkowo prostą i jednocześnie smaczną porcję warzyw na talerzu. Co najważniejsze, w tym smaku zakochają się nie tylko wegetarianie, a także osoby, które na co dzień jedzą mięso i chcą urozmaicić swój jadłospis o więcej produktów roślinnych. Każdy może dodać kilka Klopsików GARDEN GOURMET do swojego posiłku i cieszyć się pysznym połączeniem smaków. Mogą być dodatkiem do sosów, makaronów, kasz czy sałatek lub być podawane jako przekąska sama w sobie. Klopsiki Warzywne to pewność tego, co znajduje się na naszym talerzu i tego, że nasze danie się uda!Klopsiki Warzywne GARDEN GOURMET są łatwe do przygotowania. Wystarczy jedynie 9-12 minut, aby upiec je w piekarniku. Jeszcze mniej czasu poświęcisz, jeśli zdecydujesz się na klopsiki smażone na patelni. Wówczas przygotujesz je w zaledwie 4-7 minut.Klopsiki Warzywne Garden Gourmet są:proste i szybkie w przygotowaniu,połączeniem porcji warzyw i roślinnego białka,odpowiednie zarówno dla wegetarian, jak i osób chcących ograniczyć spożywanie mięsa,prostym sposobem na urozmaicenie codziennych dań,świetną alternatywą mięsnych klopsów.Spróbuj Klopsików Warzywnych od Garden Gourmet i ciesz się pysznym posiłkiem!Nutriscore:A"}, {"header": "Składniki i alergeny", "content": "Składniki:woda,oleje roślinne w zmiennych proporcjach (słonecznikowy, rzepakowy),marchew 12,6 %,groszek 10,3 %,białkosojowe9,7 %,kukurydza 8,1 %,białkopszenne6,7 %,cebula 3,4 %,białkojajaw proszku,puree jabłkowe,papryka czerwona 2,5 %,regulator kwasowości (ocet buforowany),cebula w proszku,skrobia kukurydziana,błonnik z grochu,skrobia z grochu,sól,ocet spirytusowy,przyprawy (pieprz czarny, kurkuma)"}, {"header": "Pozostałe informacje", "content": "Nazwa wymagana prawnie:Wegetariański produkt na bazie marchwi i groszku oraz białka sojowego i pszennego. Poddany wstępnej obróbce termicznej. Rozmrożony."}], "images": ["data/images/0527f82a9c976f045ba4a691b6eef6f9.jpg"], "absolute_path": "Artykuły spożywcze/Produkty roślinne/Produkty vege/Produkt 1"}
{"name": "Produkt 4", "url": "https://zakupy.biedronka.pl/garden-gourmet-garden-gourmet-wegetarianski-produkt-na-bazie-bialka-sojowego-i-pszennego-175-g-0000010522.html", "title": "Garden Gourmet Wegetariański produkt na bazie białka sojowego i pszennego 175 g", "brand": "Garden Gourmet", "price": "11.99 PLN", "packaging_details": "0.175kg- 68,51 zł / kg", "description_sections": [{"header": "Opis produktu", "content": "Garden Gourmet Fileciki Roślinne to idealny zamiennik mięsa stworzony na bazie białka sojowego i pszennego. Jest to niezwykle szybkie i smaczne danie nie tylko dla wegetarian, ale także dla osób jedzących mięso, które chcą urozmaicić swój jadłospis o więcej produktów roślinnych. Jeśli marzy Ci się aromatyczny smak w Twoim codziennym jadłospisie, koniecznie spróbuj Filecików Garden Gourmet!Fileciki Roślinne Garden Gourmet to produkt wegetariański, dzięki któremu gotowanie jeszcze nigdy nie było tak proste. Fileciki możesz śmiało dodać do sałatek, gulaszy i potraw typu curry. Odnajdą się również jako przekąski np. moczone w dipie. Fileciki Roślinne to pewność tego, co znajduje się na naszym talerzu.Jeśli masz ochotę na danie z piekarnika, fileciki wystarczy włożyć do rozgrzanego środka na około 9-12 minut a w połowie czasu obrócić. Jeśli jednak wolisz podsmażone Garden Gourmet Fileciki Roślinne, wystarczy pogrzać patelnię na średnim ogniu, dodać poł łyżki oleju i smażyć je 5-7 minut, w między czasie obracając.Fileciki Roślinne Garden Gourmet to:- prosty i szybki posiłek,- świetna alternatywa dla mięsa,- danie idealne dla wegetarian, jak i osób jedzących mięso,- doskonałe źródło roślinnego białka,- możliwość urozmaicenia codziennych dań.Wypróbuj Fileciki Roślinne od Garden Gourmet i ciesz się ich smakiem oraz zawartością błonnika i białka roślinnego!Nutriscore:A"}, {"header": "Składniki i alergeny", "content": "Składniki:woda,białko sojowe** 15,6 %,oleje roślinne w zmiennych proporcjach (rzepakowy, słonecznikowy),białkopszenne9,4 %,puree jabłkowe,białkojajaw proszku,ekstrakt drożdży w proszku,ocet spirytusowy,cebula w proszku,skrobia kukurydziana,sól,błonnik z owoców cytrusowych,czosnek w proszku,aromat naturalny,pieprz czarny,regulator kwasowości (wodorotlenek potasu),** Z soją pochodzenia europejskiego"}, {"header": "Pozostałe informacje", "content": "Nazwa wymagana prawnie:Wegetariański produkt na bazie białka sojowego i pszennego. Poddany wstępnej obróbce termicznej. Rozmrożony."}], "images": ["data/images/6be0e60503dad5ae5bb33b351114c721.jpg", "data/images/c395abce8cbce5b0621d972deaf459ff.jpg"], "absolute_path": "Artykuły spożywcze/Produkty roślinne/Produkty vege/Produkt 4"}
{"name": "Produkt 5", "url": "https://zakupy.biedronka.pl/go-vege-go-vege-pasta-warzywna-pieczarki-pestki-dyni-180-g-0000007899.html", "title": "Go Vege Pasta warzywna pieczarki, pestki dyni 180 g", "brand": "Go Vege", "price": "5.75 PLN", "packaging_details": "0.18kg- 31,94 zł / kg", "description_sections": [{"header": "Składniki i alergeny", "content": "Składniki:fasola biała, pieczarka blanszowana 18,9% (pieczarka, kwas cytrynowy), olej rzepakowy, pieczarka świeża 13%,seler, dynia, nasiona słonecznika, woda, cebula suszona, sól, koncentrat soku jabłkowego, pieczarka suszona 0,5%, czosnek suszony, pestki dyni 0,3%, pieprz czarny mielony. Produkt może zawieraćgorczycę.Alergeny:Seler i produkty pochodneInne informacje o zawartości produktu:Zawiera surowce GMO:Nie, \n\nDodatkowe informacje na temat produktu:Odpowiedni dla wegan."}, {"header": "Wartość odżywcza", "content": "W 100 gWartość energetyczna kcal204 kcalZawartość tłuszczów (ogólnie)19 gKwasy tłuszczowe nasycone1.6 gZawartość węglowodanów2.2 gCukry2.2 gZawartość błonnika5.1 gZawartość białek3.7 gZawartość soli1.3 g"}, {"header": "Pozostałe informacje", "content": "Producent:Jeronimo Martins Polska S.A.Dystrybutor:Jeronimo Martins Polska S.A.Żniwna 5 62-025 KostrzynImporter:Jeronimo Martins Polska S.A.Żniwna 5 62-025 Kostrzyn PLNazwa wymagana prawnie:Pasta z pieczarek z pestkami dyni. Produkt sterylizowany."}], "images": ["data/images/985abddd171d09de748fffc79e7e7fcf.jpg", "data/images/624a7f318c5b5c28bbd434f06876f2ff.jpg", "data/images/76f53d35041d09cd31669194bb545a17.jpg"], "absolute_path": "Artykuły spożywcze/Produkty roślinne/Produkty vege/Produkt 5"}
{"name": "Produkt 4", "url": "https://zakupy.biedronka.pl/alpro-alpro-barista-napoj-kokos-750-ml-0000016281.html", "title": "Alpro Barista Napój kokos 750 ml", "brand": "Alpro", "price": "9.99 PLN", "packaging_details": "0.75l- 13,32 zł / l", "description_sections": [{"header": "Opis produktu", "content": "Doskonale się pieniŹródło wapniaŹródło białka roślinnegoNaturalnie nie zawiera laktozyNiska zawartość tłuszczuBez barwników i konserwantów*100  % roślinnyBezglutenowy*jak inne podobne napoje roślinne na rynkuStworzone z udziałem baristów. Latte, a może mrożona? Alpro Barista Kokosowe genialnie sprawdzi się jako dodatek do Twojej ulubionej kawy. Spieniaj na ciepło lub na zimno. Kawa i marzycielsko kremowy smak kokosa sprawią, że znajdziesz się na chwilę w raju. Alpro Barista Kokosowe zostało stworzone by zmienić monotonię w niebiańskie kawowe doznanie za każdym razem.Pyszne i przydatne! Czy wiesz, że...włókna kokosowe mogą być wykorzystane do produkcji sznurów, sieci czy wycieraczek? Nie dość, że pyszne, to jeszcze takie przydatne - prawie zero odpadów!Źródło wapnia i roślinnego białka.Nutriscore:B"}, {"header": "Składniki i alergeny", "content": "Składniki:woda,wsad kokosowy (5,7 %) (woda, krem kokosowy (2,6 %)),obłuszczone ziarnosoi(2,9%),cukier,fruktoza,regulatory kwasowości (fosforany potasu),wapń,sól morska,aromat,stabilizator (guma gellan)Alergeny:Nie zawiera Zboża zawierające gluten, \n\nNie zawiera Mleko, \n\nMoże zawierać Orzechy, \n\nNie zawiera Orzeszki ziemne, \n\nZawiera SojaInne informacje o zawartości produktu:Barwniki:Nie zawiera, \n\nSmaki / Aromaty:Zawiera, \n\nkonserwanty:Nie zawiera"}, {"header": "Wartość odżywcza", "content": "W 100 mlWartość energetyczna33 kcalTłuszcz1.4 gw tym kwasy tłuszczowe nasycone0.7 gWęglowodany3.3 gw tym cukry3.3 gBłonnik0.2 gBiałko1.5 gSól0.1 gWitaminy i składniki mineralnew 100  ml% RWS w 100  mlTlenek węgla (CO)139 kJ0%Tlenek węgla (CO)33 kcal0%Wapń120 mg0%"}, {"header": "Przechowywanie i sposób przygotowania", "content": "Sposób podania:Przed otwarciem wstrząsnąć. Może być używany na gorąco lub na zimno, nadaje się do przygotowania różnych rodzajów kawy.Instrukcja dla baristówPrzed użyciem przechowuj w lodówce. Wstrząśnij i spień do temperatury max. 65 °C. Nie spieniaj już raz spienionego napoju.Spieniaj max. do 65 °CNapoje gorące, zimne i cold brewJak używać w domu:1. Przechowuj w lodówce - najlepiej spienia się schłodzony napój2. Przelej do spieniacza elektrycznego lub do garnka aby podgrzać3. Podgrzewaj maksymalnie do 65 °C4. Jeśli podgrzewasz w garnku, użyj spieniacza ręcznego. Spieniaj aż napój podwoi swoją objętość i stuknij garnkiem by pozbyć się większych bąbelków powietrza.5. Twój napój jest już idealnie spieniony. Czas wypróbować Twoje umiejętności latte art!Więcej na @alprobarista"}, {"header": "Pozostałe informacje", "content": "Producent:Danone sp. z o.o.,\nul. Bobrowiecka 8,\n00-728 Warszawa\n801 331 133\ninfo.polska@alpro.comNazwa wymagana prawnie:Napój kokosowy z dodatkiem soi i wapnia."}], "images": ["data/images/b35cd5341bd47739a4f1bea787211231.jpg"], "absolute_path": "Artykuły spożywcze/Produkty roślinne/Napoje/Produkt 4"}
{"name": "Produkt 2", "url": "https://zakupy.biedronka.pl/alpro-alpro-barista-napoj-migdalowy-750-ml-0000016280.html", "title": "Alpro Barista Napój migdałowy 750 ml", "brand": "Alpro", "price": "9.99 PLN", "packaging_details": "0.75l- 13,32 zł / l", "description_sections": [{"header": "Opis produktu", "content": "Niska zawartość cukrówŹródło wapniaDoskonale się pieniBez barwników i konserwantów**Naturalnie nie zawiera laktozyNaturalnie niska zawartość tłuszczuBezglutenowy100 % roślinny**jak inne podobne napoje roślinne na rynkuStworzone z udziałem baristów Latte, a może mrożona? Alpro Barista Migdałowe genialnie sprawdzi się jako dodatek do Twojej ulubionej kawy. Dodaj subtelny, orzechowy smak migdałów do swojej ulubionej kawy. Możesz je spienić lub schłodzić. Uwierz nam, Twoja kawa podziękuje Ci za Alpro Barista Migdałowe!100 % śródziemnomorskich migdałów! Nasze migdały nawadniane są deszczówką i pochodzą w 100 % z upraw w rejonie Morza Śródziemnego. Zużywają 8 razy mniej wody niż sztucznie nawadniane migdały z USA.* 2\\3 naszych migdałów otrzymuje potrzebną im wodę z opadów deszczu.*w oparciu o porównawczą ocenę cyklu życia przeprowadzoną przez Quantis w 2022 roku dla Alpro Barista Migdałowe (1 L) w porównaniu do mleka w Europie. Składniki reprezentują 85 % całkowitego zużycia wody dla tego produktu. Śródziemnomorskie migdały zajmują więcej gruntów uprawnych niż sztucznie nawadniane migdały z USA.Nutriscore:B"}, {"header": "Składniki i alergeny", "content": "Składniki:woda,migdały(2,5 %),cukier,fruktoza,regulator kwasowości (fosforany potasu),wapń,naturalne aromaty,stabilizatory (guma gellan, guma guar),sól morskaAlergeny:Zawiera Migdały, \n\nNie zawiera Zboża zawierające gluten, \n\nNie zawiera Mleko, \n\nMoże zawierać Orzechy, \n\nNie zawiera Orzeszki ziemneInne informacje o zawartości produktu:Barwniki:Nie zawiera, \n\nSmaki / Aromaty:Zawiera, \n\nkonserwanty:Nie zawiera"}, {"header": "Wartość odżywcza", "content": "W 100 mlWartość energetyczna25 kcalTłuszcz1.2 gw tym kwasy tłuszczowe nasycone0.1 gWęglowodany2.5 gw tym cukry2.5 gBłonnik0.2 gBiałko0.5 gSól0.08 gWitaminy i składniki mineralnew 100  ml% RWS w 100  mlWapń120 mg0%"}, {"header": "Przechowywanie i sposób przygotowania", "content": "Sposób podania:Przed otwarciem wstrząsnąć. Może być używany na gorąco lub na zimno, nadaje się do przygotowania różnych rodzajów kawy.Instrukcja dla baristówPrzed użyciem przechowuj w lodówce. Wstrząśnij i spień do temperatury max. 60 °C. Nie spieniaj już raz spienionego napoju.Spieniaj max. do 60°CNapoje gorące, zimne i cold brewJak używać w domu:1. Przechowuj w lodówce - najlepiej spienia się schłodzony napój2. Przelej do spieniacza elektrycznego lub do garnka aby podgrzać3. Podgrzewaj maksymalnie do 60 °C4. Jeśli podgrzewasz w garnku, użyj spieniacza ręcznego. Spieniaj aż napój podwoi swoją objętość i stuknij garnkiem by pozbyć się większych bąbelków powietrza.5. Twój napój jest już idealnie spieniony. Czas wypróbować Twoje umiejętności latte art!Więcej na @alprobarista"}, {"header": "Pozostałe informacje", "content": "Producent:Danone sp. z o.o.,\nul. Bobrowiecka 8,\n00-728 Warszawa\n801 331 133\ninfo.polska@alpro.comNazwa wymagana prawnie:Napój migdałowy z dodatkiem wapnia."}], "images": ["data/images/8b84d604804910eb260ef13a3c9c4b0d.jpg"], "absolute_path": "Artykuły spożywcze/Produkty roślinne/Napoje/Produkt 2"}
{"name": "Produkt 1", "url": "https://zakupy.biedronka.pl/go-vege-go-vege-barista-owies-1-l-0000009858.html", "title": "Go Vege Barista owies 1 l", "brand": "Go Vege", "price": "6.79 PLN", "packaging_details": "1l- 6,79 zł / l", "description_sections": [{"header": "Opis produktu", "content": "Nutriscore:A"}, {"header": "Składniki i alergeny", "content": "Składniki:bazaowsiana(woda,owies13%), olej słonecznikowy, regulator kwasowości: fosforany potasu; sól morska, witaminy: ryboflawina, B12, D; wapń. Produkt może zawieraćorzechyisoję.Alergeny:Zboża zawierajace gluten, \n\nOwies i produkty owsianeInne informacje o zawartości produktu:Zawiera surowce GMO:Nie, \n\nZawiera fosforany:Tak, \n\nPoziom znakowania Nutriscore:A, \n\nDodatki zawarte w produkcie (E-symbole):E340 Fosforany potasu, \n\nFunkcje dodatków obecnych w produkcie (zadeklarowanych jako dodatki lub numery E):Regulator kwasowości"}, {"header": "Wartość odżywcza", "content": "W 100 mlWartość energetyczna kcal58 kcalZawartość tłuszczów (ogólnie)3 gKwasy tłuszczowe nasycone0.3 gZawartość węglowodanów5.5 gCukry1.1 gZawartość błonnika0.9 gZawartość białek1.7 gZawartość soli0.11 gWitaminy i składniki mineralnew% RWS wRyboflawina (%RWS)15 %RWS0%Ryboflawina (witamina B2)0.21 mg0%Wapń120 mg0%Wapń (%RWS)15 %RWS0%Witamina B120.38 μg0%Witamina B12 (%RWS)15 %RWS0%Witamina D0.75 μg0%Witamina D (%RWS)15 %RWS0%"}, {"header": "Przechowywanie i sposób przygotowania", "content": "Sposób przygotowania:Spróbujdo porannej kawyjako baza do pożywnej owsiankido przygotowania ciast i deserówdo koktajli owocowychlub solo, prosto ze szklanki:)Sposób podania:Przed spożyciem wstrząsnąć."}, {"header": "Pozostałe informacje", "content": "Producent:Jeronimo Martins Polska S.A.Dystrybutor:Jeronimo Martins Polska S.A.Żniwna 5 62-025 KostrzynImporter:Jeronimo Martins Polska S.A.Żniwna 5 62-025 Kostrzyn PLNazwa wymagana prawnie:Napój owsiany UHT, wzbogacony wapń i witaminy: B2, B12, D. Bez dodatku cukru. Zawiera naturalnie występujące cukry. Odpowiedni dla wegan."}], "images": ["data/images/4ff1308ff8bd2036ac606d0b8c6e4b84.jpg", "data/images/25431a7d282af03ebce62724a74f2f84.jpg", "data/images/cd911cd8c573ea65612878fb22d78b04.jpg", "data/images/9f0a5bb6eac7c775ffadcff3a278a3fc.jpg"], "absolute_path": "Artykuły spożywcze/Produkty roślinne/Napoje/Produkt 1"}
{"name": "Produkt 3", "url": "https://zakupy.biedronka.pl/go-vege-go-vege-napoj-roslinny-migdal-1-l-0000005351.html", "title": "Go Vege Napój roślinny Migdał 1 l", "brand": "Go Vege", "price": "6.19 PLN", "packaging_details": "1l- 6,19 zł / l", "description_sections": [{"header": "Opis produktu", "content": "Spróbuj jako baza do pożywnej owsianki, do przygotowania ciast i deserów, do koktajli owocowych lub solo, prosto ze szklanki."}, {"header": "Składniki i alergeny", "content": "Składniki:Woda, cukier,migdały2,3%, maltodekstryna, wapń, sól morska, emulgator: lecyctyny; ryboflawina, witamina B12, witamina D2. Produkt może zawierać inneorzechyorazsoję.Alergeny:Orzechy, \n\nMigdały i produkty z migdałamiInne informacje o zawartości produktu:Zawiera surowce GMO:Nie, \n\nInformacje szczegółowe dotyczące środków słodzących:zawiera cukier (cukry) i substancję słodzącą"}, {"header": "Wartość odżywcza", "content": "W 100 gWartość energetyczna kcal30 kcalZawartość tłuszczów (ogólnie)1.4 gKwasy tłuszczowe nasycone0.1 gZawartość węglowodanów3.7 gCukry2.7 gZawartość błonnika0.1 gZawartość białek0.6 gZawartość soli0.13 gWitaminy i składniki mineralnew% RWS wRyboflawina (%RWS)15 %RWS0%Ryboflawina (witamina B2)0.21 mg0%Wapń120 mg0%Wapń (%RWS)15 %RWS0%Witamina B120.38 μg0%Witamina B12 (%RWS)15 %RWS0%Witamina D0.75 μg0%Witamina D (%RWS)15 %RWS0%"}, {"header": "Przechowywanie i sposób przygotowania", "content": "Sposób przygotowania:Przed spożyciem wstrząsnąć."}, {"header": "Pozostałe informacje", "content": "Dystrybutor:Jeronimo Martins Polska S.A.Żniwna 5 62-025 KostrzynNazwa wymagana prawnie:Napój migdałowy wzbogacony w wapń i witaminy D2, ryboflawinę, B12, UHT. Odpowiedni dla wegan."}], "images": ["data/images/81fb67f8b4e2da3c90a25aea7c19106c.jpg", "data/images/28577df72fd189b7c602be2dc99205e1.jpg", "data/images/027fa74aa30ff181f5ff5a4b061692f7.jpg", "data/images/0663981f73e4655e469e01937f919237.jpg"], "absolute_path": "Artykuły spożywcze/Produkty roślinne/Napoje/Produkt 3"}
{"name": "Produkt 6", "url": "https://zakupy.biedronka.pl/alpro-alpro-napoj-sojowy-o-smaku-waniliowym-1-l-0000016801.html", "title": "Alpro Napój sojowy o smaku waniliowym 1 l", "brand": "Alpro", "price": "12.59 PLN", "packaging_details": "1l- 12,59 zł / l", "description_sections": [{"header": "Opis produktu", "content": "Przepysznie waniliowy smakBogaty w białko roślinneŹródło wapnia i witamin B2, B12, D100 % roślinnyNaturalnie bez laktozy, bezglutenowySoja wolna od modyfikacji genetycznychAlpro Napój Sojowy o smaku waniliowym produkowany jest w 100 % na bazie roślin i nie zawiera laktozy ani glutenu. To doskonałe źródło białka roślinnego, wapnia oraz witamin: B2, B12 i D. Napój Alpro powstaje z soi wolnej od modyfikacji genetycznych. To doskonała, roślinna alternatywa dla mleka o przepysznie waniliowym smaku, która sprawdzi się zarówno samodzielnie, jak i jako dodatek do musli, płatków czy koktajli.Nutriscore:B"}, {"header": "Składniki i alergeny", "content": "Składniki:baza sojowa (92,8 %) (woda, obłuszczone ziarnosoi(7,8 %)),cukier,wapń,aromaty,sok z czarnej marchwi zagęszczony,sól morska,regulator kwasowości (fosforany potasu),stabilizator (guma gellan),witaminy B2, B12, D2Alergeny:Nie zawiera Zboża zawierające gluten, \n\nNie zawiera Mleko, \n\nZawiera Soja"}, {"header": "Wartość odżywcza", "content": "W 100 mlWartość energetyczna57 kcalTłuszcz1.8 gw tym kwasy tłuszczowe nasycone0.3 gWęglowodany6.8 gw tym cukry6.8 gBłonnik0.5 gBiałko3 gSól0.14 gErgokalcyferol lub witamina D20.75 µgWitaminy i składniki mineralnew 100  ml% RWS w 100  mlLaktoza0 g0%Ryboflawina (B2)0.21 mg0%Wapń120 mg0%Witamina B120.38 µg0%"}, {"header": "Przechowywanie i sposób przygotowania", "content": "Sposób podania:Przed otwarciem wstrząsnąć. Można stosować na gorąco lub zimno."}, {"header": "Pozostałe informacje", "content": "Producent:Danone sp. z o.o.,\nul. Bobrowiecka 8,\n00-728 Warszawa\n801 331 133\ninfo.polska@alpro.comImporter:Danone Sp. z o.o.Redutowa 9/23 01-103 Warszawa PLrecepcja.warszawa@danone.comNazwa wymagana prawnie:Napój sojowy o smaku waniliowym z wapniem i witaminami."}], "images": ["data/images/0d00038a82f40c236e53e464f0693480.jpg"], "absolute_path": "Artykuły spożywcze/Produkty roślinne/Napoje/Produkt 6"}
{"name": "Produkt 5", "url": "https://zakupy.biedronka.pl/alpro-alpro-barista-napoj-owsiany-750-ml-0000016143.html", "title": "Alpro Barista Napój owsiany 750 ml", "brand": "Alpro", "price": "9.99 PLN", "packaging_details": "0.75l- 13,32 zł / l", "description_sections": [{"header": "Opis produktu", "content": "Doskonale się pieniBez dodatku cukru*Źródło witamin B2 i D2100 % roślinnyNaturalnie nie zawiera laktozyNaturalnie niska zawartość tłuszczów nasyconychBez barwników i konserwantów***Zawiera naturalnie występujące cukry** jak inne podobne napoje roślinne na rynkuStworzone z udziałem baristów Latte, a może mrożona? Alpro Barista Owsiane genialnie sprawdzi się jako dodatek do Twojej ulubionej kawy. Delikatny i harmonijny smak owsa, kremowa konsystencja i doskonała pianka, idealna do tworzenia latte art.! Alpro Barista Owsiane to roślinna alternatywa dla mleka, bez dodatku cukrów (zawiera naturalnie występujące cukry). Produkujemy go w 100 % na bazie roślin, dlatego nie zawiera laktozy. Napój doskonale się pieni, jest z dodatkiem witamin B2 i D2 oraz jest źródłem błonnika. Rozpocznij dzień ze smakiem!Nutriscore:A"}, {"header": "Składniki i alergeny", "content": "Składniki:bazaowsiana(95,6 %) (woda,owies(10 %)),olej słonecznikowy,błonnik z korzenia cykorii,białko grochu,regulator kwasowości (fosforany potasu),sól morska,witaminy B2, D2Alergeny:Nie zawiera Mleko, \n\nZawiera OwiesInne informacje o zawartości produktu:Barwniki:Nie zawiera, \n\nkonserwanty:Nie zawiera"}, {"header": "Wartość odżywcza", "content": "W 100 mlWartość energetyczna59 kcalTłuszcz3 gw tym kwasy tłuszczowe nasycone0.3 gWęglowodany6.7 gw tym cukry3.3 gBłonnik1 gBiałko0.8 gSól0.13 gErgokalcyferol lub witamina D20.75 µgWitaminy i składniki mineralnew 100  ml% RWS w 100  mlRyboflawina (B2)0.21 mg0%"}, {"header": "Przechowywanie i sposób przygotowania", "content": "Sposób podania:Przed otwarciem wstrząsnąć. Może być używany na gorąco lub na zimno, nadaje się do przygotowania różnych rodzajów kawy.Instrukcja dla baristówPrzed użyciem przechowuj w lodówce. Wstrząśnij i spień do temperatury max. 65 °C. Nie spieniaj już raz spienionego napoju.Spieniaj max. do 65 °CNapoje gorące, zimne i cold brewJak używać w domu:1. Przechowuj w lodówce - najlepiej spienia się schłodzony napój2. Przelej do spieniacza elektrycznego lub do garnka aby podgrzać3. Podgrzewaj maksymalnie do 65 °C4. Jeśli podgrzewasz w garnku, użyj spieniacza ręcznego. Spieniaj aż napój podwoi swoją objętość i stuknij garnkiem by pozbyć się większych bąbelków powietrza.5. Twój napój jest już idealnie spieniony. Czas wypróbować Twoje umiejętności latte art!Więcej na @alprobarista"}, {"header": "Pozostałe informacje", "content": "Kraj pochodzenia:BelgiumKraj pochodzenia zależy od konkretnej partii produktu jaka znajduje się w sklepie. Informację o kraju pochodzenia znajdziesz na opakowaniu. Możesz również dodać komentarz z preferowanym typem produktu w koszyku lub wiadomości dla shoppera (np. “prosze o pomidory polskie”).Producent:Danone sp. z o.o.,\nul. Bobrowiecka 8,\n00-728 Warszawa\n801 331 133\ninfo.polska@alpro.comNazwa wymagana prawnie:Napój owsiany z dodatkiem witamin."}], "images": ["data/images/e5120b087ae9c44e8c0f5d82692333de.jpg"], "absolute_path": "Artykuły spożywcze/Produkty roślinne/Napoje/Produkt 5"}
{"name": "Produkt 9", "url": "https://zakupy.biedronka.pl/alpro-alpro-plant-protein-napoj-sojowy-o-smaku-waniliowym-1-l-0001166176.html", "title": "Alpro Plant Protein Napój sojowy o smaku waniliowym 1 l", "brand": "Alpro", "price": "12.59 PLN", "packaging_details": "1l- 12,59 zł / l", "description_sections": [{"header": "Opis produktu", "content": "- Bogaty w białko roślinne- Źródło wapnia i witamin: B2, B12, D2- Naturalnie niska zawartość tłuszczów nasyconych.Subrand:Plant Protein"}, {"header": "Składniki i alergeny", "content": "Składniki:woda,obłuszczone ziarno soi (13,1 %),cukier,regulatory kwasowości (fosforany potasu),wapń,aromaty,sól morska,stabilizator (gum gellan),witaminy: B2, B12, D2Alergeny:Nie zawiera Zboża zawierające gluten, \n\nNie zawiera Mleko, \n\nZawiera Soja"}, {"header": "Wartość odżywcza", "content": "W 100 mlWartość energetyczna67 kcalTłuszcz2.9 gw tym kwasy tłuszczowe nasycone0.5 gWęglowodany4.8 gw tym cukry4.8 gBłonnik0.9 gBiałko5 gSól0.12 gErgokalcyferol lub witamina D20.75 µg"}, {"header": "Przechowywanie i sposób przygotowania", "content": "Sposób podania:Przed otwarciem wstrząsnąć. Można stosować na gorąco lub zimno."}, {"header": "Pozostałe informacje", "content": "Nazwa wymagana prawnie:Napój sojowy o smaku waniliowym, z wapniem i witaminami. UHT."}], "images": ["data/images/220faaf04286f29810007c7007f94bd6.jpg"], "absolute_path": "Artykuły spożywcze/Produkty roślinne/Napoje/Produkt 9"}
{"name": "Produkt 7", "url": "https://zakupy.biedronka.pl/alpro-alpro-napoj-owsiany-nieslodzony-1-l-0000024295.html", "title": "Alpro Napój owsiany niesłodzony 1 l", "brand": "Alpro", "price": "9.99 PLN", "packaging_details": "1l- 9,99 zł / l", "description_sections": [{"header": "Opis produktu", "content": "Źródło wapnia oraz witaminy B2, B12 i B2. Bogaty w błonnik. Nie zawiera cukrów i substancji słodzących. Naturalnie niska zawartość tłuszczu.Nutriscore:A"}, {"header": "Składniki i alergeny", "content": "Składniki:bazaowsiana(97%) (woda,owies(8,3%)), błonnik z kukurydzy, olej słonecznikowy, wapń, sól morska, stabilizator (guma gellan), witaminy (B2, B12, D2). Naturalnie nie zawieralaktozy.Alergeny:Zboża zawierajace gluten, \n\nOwies i produkty owsianeInne informacje o zawartości produktu:Zawiera surowce GMO:Nie, \n\nPoziom znakowania Nutriscore:A"}, {"header": "Wartość odżywcza", "content": "W 100 mlWartość energetyczna kcal40 kcalZawartość tłuszczów (ogólnie)1.5 gKwasy tłuszczowe nasycone0.2 gZawartość węglowodanów5.8 gCukry0 gZawartość błonnika1.2 gZawartość białek0.2 gZawartość soli0.11 gWitaminy i składniki mineralnew 100 ml% RWS w 100 mlRyboflawina (witamina B2)0.21 mg15%Wapń120 mg15%Witamina B120.38 μg15%Witamina D0.75 μg15%"}, {"header": "Przechowywanie i sposób przygotowania", "content": "Sposób podania:Przed otwarciem wstrząsnąć. Można stosować na gorąco lub zimno."}, {"header": "Pozostałe informacje", "content": "Kraj pochodzenia:BelgiaKraj pochodzenia zależy od konkretnej partii produktu jaka znajduje się w sklepie. Informację o kraju pochodzenia znajdziesz na opakowaniu. Możesz również dodać komentarz z preferowanym typem produktu w koszyku lub wiadomości dla shoppera (np. “prosze o pomidory polskie”).Importer:Danone Sp. z o.o.Redutowa 9/23 01-103 Warszawa PLrecepcja.warszawa@danone.comNazwa wymagana prawnie:Napój owsiany z dodatkiem wapnia i witamin."}], "images": ["data/images/01c511de9baacf6c351cdfec2530a059.jpg"], "absolute_path": "Artykuły spożywcze/Produkty roślinne/Napoje/Produkt 7"}
{"name": "Produkt 8", "url": "https://zakupy.biedronka.pl/alpro-alpro-napoj-sojowy-o-smaku-czekoladowym-1-l-0000016800.html", "title": "Alpro Napój sojowy o smaku czekoladowym 1 l", "brand": "Alpro", "price": "12.59 PLN", "packaging_details": "1l- 12,59 zł / l", "description_sections": [{"header": "Opis produktu", "content": "Przepysznie czekoladowy smakBogaty w białko roślinneŹródło wapnia i witamin B2, D100 % roślinnyNaturalnie bez laktozy, bezglutenowySoja wolna od modyfikacji genetycznychNasz klasyk wśród napojów smakowych - Napój Sojowy Alpro to roślinna alternatywa dla mleka o przepysznie czekoladowym smaku. Powstaje w 100 % na bazie roślin. Nie znajdziesz w nim laktozy ani glutenu. Jest źródłem witamin: B2 oraz D, zawiera także wysokiej jakości białko roślinne i wapń. Produkowany z soi wolnej od modyfikacji genetycznych. Dodaj go do swoich ulubionych płatków, przygotuj koktajl i ciesz się chwilą słodyczy o każdej porze dnia!Nutriscore:B"}, {"header": "Składniki i alergeny", "content": "Składniki:baza sojowa (90,6 %) (woda, obłuszczone ziarnosoi(7 %)),cukier,kakao w proszku o obniżonej zawartości tłuszczu* (1,5 %),wapń,stabilizatory (karagen, guma guar, guma ksantanowa),regulator kwasowości (fosforany potasu),aromaty,sól morska,witaminy B2, D2,* Rainforest Alliance CertifiedAlergeny:Nie zawiera Zboża zawierające gluten, \n\nNie zawiera Mleko, \n\nZawiera SojaInne informacje o zawartości produktu:Smaki / Aromaty:Zawiera"}, {"header": "Wartość odżywcza", "content": "W 100 mlWartość energetyczna61 kcalTłuszcz1.8 gw tym kwasy tłuszczowe nasycone0.4 gWęglowodany7.9 gw tym cukry7.6 gBłonnik0.9 gBiałko3.1 gSól0.14 gErgokalcyferol lub witamina D20.75 µgWitaminy i składniki mineralnew 100  ml% RWS w 100  mlLaktoza0 g0%Ryboflawina (B2)0.21 mg0%Wapń120 mg0%"}, {"header": "Przechowywanie i sposób przygotowania", "content": "Sposób podania:Przed otwarciem wstrząsnąć. Można stosować na gorąco lub zimno."}, {"header": "Pozostałe informacje", "content": "Producent:Danone sp. z o.o.,\nul. Bobrowiecka 8,\n00-728 Warszawa\n801 331 133\ninfo.polska@alpro.comImporter:Danone Sp. z o.o.Redutowa 9/23 01-103 Warszawa PLrecepcja.warszawa@danone.comNazwa wymagana prawnie:Napój sojowy o smaku czekoladowym z wapniem i witaminami."}], "images": ["data/images/300c9477671e1cac7625f85c49ba850e.jpg"], "absolute_path": "Artykuły spożywcze/Produkty roślinne/Napoje/Produkt 8"}
{"name": "Produkt 2", "url": "https://zakupy.biedronka.pl/krakus-krakus-mielonka-luksusowa-300-g-0000004604.html", "title": "Krakus Mielonka luksusowa 300 g", "brand": "Krakus", "price": "8.89 PLN", "packaging_details": "0.3kg- 29,63 zł / kg", "description_sections": [{"header": "Opis produktu", "content": "Konserwa wieprzowa sterylizowana , mielonka wieprzowa"}, {"header": "Składniki i alergeny", "content": "Składniki:Składniki: mięso wieprzowe-94% sól , stabilizatory: difosforany; pieprz biały, substancja konserwująca: azotyn sodu."}, {"header": "Przechowywanie i sposób przygotowania", "content": "Sposób podania:Spożywać po schłodzeniu"}, {"header": "Pozostałe informacje", "content": "Kraj pochodzenia:PolskaKraj pochodzenia zależy od konkretnej partii produktu jaka znajduje się w sklepie. Informację o kraju pochodzenia znajdziesz na opakowaniu. Możesz również dodać komentarz z preferowanym typem produktu w koszyku lub wiadomości dla shoppera (np. “prosze o pomidory polskie”).Nazwa wymagana prawnie:Konserwa sterylizowana , mielonka wieprzowa"}], "images": ["data/images/10b19a697eeed5088583860137604937.jpg"], "absolute_path": "Artykuły spożywcze/Produkty konserwowe/Konserwy mięsne/Produkt 2"}
{"name": "Produkt 1", "url": "https://zakupy.biedronka.pl/krakus-krakus-szynka-konserwowa-z-galaretka-455-g-0000001461.html", "title": "Krakus Szynka konserwowa z galaretką 455 g", "brand": "Krakus", "price": "15.59 PLN", "packaging_details": "0.455kg- 34,26 zł / kg", "description_sections": [{"header": "Opis produktu", "content": "Szynka konserwowa z galaretką.Konserwa sterylizowana, szynka wieprzowa z połączonych kawałków mięsa z dodaną wodą."}, {"header": "Składniki i alergeny", "content": "Składniki:mięso wieprzowe z szynki (80%), woda, sól, żelatyna wieprzowa, stabilizatory: trifosforany, polifosforany, wzmacniacz smaku: glutaminian monosodowy, przeciwutleniacz: askorbinian sodu, substancja konserwująca: azotyn sodu.Inne informacje o zawartości produktu:Zawiera surowce GMO:Nie, \n\nInformacje szczegółowe dotyczące środków słodzących:Nie, \n\nZawiera lukrecję:Nie, \n\nZawiera chininę:Nie, \n\nZawiera taurynę:Nie, \n\nZawiera przeciwutleniacze:Tak, \n\nZawiera wzmacniacze smaku:Tak, \n\nZawiera fosforany:Tak, \n\nZawiera siarczyny:Nie, \n\nZawiera barwniki:Nie, \n\nZawiera substancje konserwujące:Tak, \n\nZawiera kofeinę:Nie, \n\nŚrodki spozywcze z dodatkiem fitosteroli, estrów fitosteroli, fitostanoli lub estrów fitostanoli:Nie, \n\nDodatki zawarte w produkcie (E-symbole):E250 Azotyn sodu, E301 Askorbinian sodu, E451 Trifosforany, E452 Polifosforany, E621 Glutaminian monosodowy, \n\nFunkcje dodatków obecnych w produkcie (zadeklarowanych jako dodatki lub numery E):Przeciwutleniacz, Substancja konserwująca, Stabilizator"}, {"header": "Wartość odżywcza", "content": "W 100 gWartość energetyczna kcal114 kcalZawartość tłuszczów (ogólnie)4.9 gKwasy tłuszczowe nasycone2 gZawartość węglowodanów0.5 gCukry0 gZawartość białek17 gZawartość soli2 g"}, {"header": "Przechowywanie i sposób przygotowania", "content": "Sposób przygotowania:Produkt przeznaczony do bezpośredniego spożycia, najlepiej smakuje po schłodzeniu.Sposób podania:Do spozycia na zimno, np. na kanapki."}, {"header": "Pozostałe informacje", "content": "Kraj pochodzenia:PolskaKraj pochodzenia zależy od konkretnej partii produktu jaka znajduje się w sklepie. Informację o kraju pochodzenia znajdziesz na opakowaniu. Możesz również dodać komentarz z preferowanym typem produktu w koszyku lub wiadomości dla shoppera (np. “prosze o pomidory polskie”).Producent:Animex Foods Sp. z o.o. sp.k.\nMorliny 15\n14-100 Ostróda\n\nOddział w Szczecinie\nul. Pomorska 115b\n70-812 SzczecinDystrybutor:ANIMEX FOODS sp. z o.o. oddział w SzczeciniePomorska 115 b 70-812 SzczecinSzczecin.Jakosc@animex.plNazwa wymagana prawnie:Szynka konserwowa z galaretką. Konserwa sterylizowana, szynka wieprzowa z połączonych kawałków mięsa z dodaną wodą"}], "images": ["data/images/f0ae6b7dad99bd14bc02ef9dacb80a16.jpg"], "absolute_path": "Artykuły spożywcze/Produkty konserwowe/Konserwy mięsne/Produkt 1"}
{"name": "Produkt 3", "url": "https://zakupy.biedronka.pl/amberfish-amberfish-szproty-wedzone-w-oleju-250-g-0000009717.html", "title": "Amberfish Szproty wędzone w oleju 250 g", "brand": "Amberfish", "price": "9.99 PLN", "packaging_details": "0.175kg- 57,09 zł / kg", "description_sections": [{"header": "Składniki i alergeny", "content": "Składniki:rybymorskie - szproty (sprattus, sprattus) złowione w Morzu Bałtyckim (FAO 27.IIId) za pomocą włoka pelagicznego,olej rzepakowy,sól,Zawartośćrybnie mniej niż 70%Alergeny:Zawiera Ryba"}, {"header": "Wartość odżywcza", "content": "Wartość energetyczna356 kcalTłuszcz32 gw tym kwasy tłuszczowe nasycone18.1 gWęglowodany0 gw tym cukry0 gBiałko17 gSól1 g"}, {"header": "Przechowywanie i sposób przygotowania", "content": "Sposób podania:Produkt gotowy do spożycia."}, {"header": "Pozostałe informacje", "content": "Kraj pochodzenia:ŁotwaKraj pochodzenia zależy od konkretnej partii produktu jaka znajduje się w sklepie. Informację o kraju pochodzenia znajdziesz na opakowaniu. Możesz również dodać komentarz z preferowanym typem produktu w koszyku lub wiadomości dla shoppera (np. “prosze o pomidory polskie”).Producent:Wyprodukowano dla:\nC.M.C. Sp. z o.o.\nul. Przemysłowa 54,\n34-120 Andrychów,\nPolskaDystrybutor:Wyprodukowano dlaC.M.C. Sp. z o.o. ul. Pr zemysłowa 54Nazwa wymagana prawnie:Szproty wędzone w oleju. Konserwa rybna sterylizowana."}], "images": ["data/images/aeba5ab78d8d35dd6fca421eb763ad64.jpg"], "absolute_path": "Artykuły spożywcze/Produkty konserwowe/Konserwy rybne/Produkt 3"}
{"name": "Produkt 1", "url": "https://zakupy.biedronka.pl/graal-graal-tunczyk-kawalki-w-sosie-wlasnym-3x140-g-0000003478.html", "title": "Graal Tuńczyk kawałki w sosie własnym 3x140 g", "brand": "Graal", "price": "18.99 PLN", "packaging_details": "0.294kg- 64,59 zł / kg", "description_sections": [{"header": "Opis produktu", "content": "Tuńczyki w marce Graal to jedne z najpopularniejszych konserw rybnych. Dzięki delikatnemu smaku Tuńczyki stanowią wyśmienity dodatek do delikatnych oraz dietetycznych sałatek. Duża zawartość białka oraz kwasów Omega 3 i 6 sprawia, że stanowią ważny składnik naszej diety."}, {"header": "Składniki i alergeny", "content": "Składniki:tuńczykkawałki, woda, sól.Alergeny:Ryby i produkty pochodneInne informacje o zawartości produktu:Zawiera surowce GMO:Nie"}, {"header": "Wartość odżywcza", "content": "W 100 gWartość energetyczna kcal68 kcalZawartość tłuszczów (ogólnie)0.5 gKwasy tłuszczowe nasycone0 gZawartość węglowodanów0 gCukry0 gZawartość białek17 gZawartość soli0.48 g"}, {"header": "Pozostałe informacje", "content": "Kraj pochodzenia:Tajlandia, Filipiny, Wietnam, Ekwador, Kolumbia, GhanaKraj pochodzenia zależy od konkretnej partii produktu jaka znajduje się w sklepie. Informację o kraju pochodzenia znajdziesz na opakowaniu. Możesz również dodać komentarz z preferowanym typem produktu w koszyku lub wiadomości dla shoppera (np. “prosze o pomidory polskie”).Producent:GRAAL S.A.Dystrybutor:GRAAL SAZACHODNIA 22 84-200 WEJHEROWOImporter:GRAAL SAZACHODNIA 22 84-200 WEJHEROWO PLbiuro@graal.plNazwa wymagana prawnie:Tuńczyk kawałki w sosie własnym 3x140g. Konserwa rybna sterylizowana."}], "images": ["data/images/ac3f063324fd55cb54eac9aa31bea898.jpg", "data/images/dafd8304fb9398270961308bd1115004.jpg"], "absolute_path": "Artykuły spożywcze/Produkty konserwowe/Konserwy rybne/Produkt 1"}
{"name": "Produkt 2", "url": "https://zakupy.biedronka.pl/marinero-marinero-losos-kawalki-w-sosie-pomidorowym-150-g-0000016510.html", "title": "Marinero Łosoś kawałki w sosie pomidorowym 150 g", "brand": "Marinero", "price": "6.79 PLN", "packaging_details": "0.15kg- 45,27 zł / kg", "description_sections": [{"header": "Opis produktu", "content": "Delikatny łosoś z dodatkiem pysznego sosu pomidorowego to szybki pożywny posiłek będący bogatym źródłem białka i zdrowych kwasów tłuszczowych Omega-3. Wyśmienity na drugie śniadanie w pracy, na piknik, jak również jako dodatek do dań na ciepło np. do makaronu."}, {"header": "Składniki i alergeny", "content": "Składniki:Ryba -łosośatlantycki 60% (Salmo Salar), sos pomidorowy (40%) - woda, koncentrat pomidorowy (12,8%), cukier, olej rzepakowy, skrobia modyfikowana, ocet spirytusowy, sól, pomidory w proszku (0,5%), cebula suszona, ekstrakt przypraw (pieprz, ziele angielskie, pietruszka,seler, goździk, chilli, papryka), pieprz, substancje zagęszczające (guma guar, guma ksantanowa).Alergeny:Seler i produkty pochodne, \n\nRyby i produkty pochodneInne informacje o zawartości produktu:Zawiera surowce GMO:Nie"}, {"header": "Wartość odżywcza", "content": "W 100 gWartość energetyczna kcal176 kcalZawartość tłuszczów (ogólnie)10 gKwasy tłuszczowe nasycone1.5 gZawartość węglowodanów3.6 gCukry2 gZawartość białek18 gZawartość soli0.62 g"}, {"header": "Pozostałe informacje", "content": "Kraj pochodzenia:PolskaKraj pochodzenia zależy od konkretnej partii produktu jaka znajduje się w sklepie. Informację o kraju pochodzenia znajdziesz na opakowaniu. Możesz również dodać komentarz z preferowanym typem produktu w koszyku lub wiadomości dla shoppera (np. “prosze o pomidory polskie”).Producent:GRAAL S.A.Dystrybutor:GRAAL SAZACHODNIA 22 84-200 WEJHEROWOImporter:GRAAL SAZACHODNIA 22 84-200 WEJHEROWO PLbiuro@graal.plNazwa wymagana prawnie:Łosoś kawałki w sosie pomidorowym 150g"}], "images": ["data/images/7d7917b56e32b8636455912a46e39c60.jpg", "data/images/6d163cb5a56149d8b311ba6c60bc65fc.jpg"], "absolute_path": "Artykuły spożywcze/Produkty konserwowe/Konserwy rybne/Produkt 2"}
{"name": "Produkt 6", "url": "https://zakupy.biedronka.pl/dega-dega-paprykarz-z-dorszem-130-g-0000009734.html", "title": "Dega Paprykarz z dorszem 130 g", "brand": "Dega", "price": "2.89 PLN", "packaging_details": "0.13kg- 22,23 zł / kg", "description_sections": [{"header": "Opis produktu", "content": "Paprykarz rybny na bazie łososia i dorsza czarnego, ryżu, koncentratu pomidorowego, cebulki oraz aromatycznej mieszanki przypraw. Doskonale smarowny, idealny do kanapek ze świeżego pieczywa oraz do przekąsek grissini czy na chrupkim pieczywie. Sprawdzi się również jako baza do naleśników i zapiekanych warzyw. Wygodna porcja 130g - łatwo się otwiera. Może stanowić samodzielny posiłek lub dodatek do potraw."}, {"header": "Składniki i alergeny", "content": "Składniki:woda, mięso separowane złososiaatlantyckiego (Salmo salar) 14%, koncentrat pomidorowy, rozdrobnionydorszczarny (Pollachiuns virens) 10%, ryż, olej rzepakowy, cebula, sól, cukier, ocet spirytusowy, przyprawy, błonnikpszenny, ekstrakt z papryki.Alergeny:Ryby i produkty pochodne, \n\nZboża zawierajace gluten, \n\nPszenica i produkty z pszenicyInne informacje o zawartości produktu:Zawiera surowce GMO:Nie, \n\nOsłonka niejadalna:Nie, \n\nInformacje szczegółowe dotyczące środków słodzących:zawiera cukier (cukry) i substancję słodzącą, \n\nZawiera lukrecję:Nie, \n\nZawiera chininę:Nie, \n\nZawiera taurynę:Nie, \n\nZawiera przeciwutleniacze:Nie, \n\nZawiera wzmacniacze smaku:Nie, \n\nZawiera fosforany:Nie, \n\nZawiera siarczyny:Nie, \n\nZawiera barwniki:Nie, \n\nZawiera aromaty:Nie, \n\nZawiera antybiotyki:Nie, \n\nZawiera substancje konserwujące:Nie, \n\nZawiera tłuszcze utwardzone (trans):Nie, \n\nZawiera olej palmowy:Nie, \n\nZawiera kofeinę:Nie, \n\nŚrodki spozywcze z dodatkiem fitosteroli, estrów fitosteroli, fitostanoli lub estrów fitostanoli:Nie, \n\nPlant based - produkt bazujący na składnikach roślinnych:Nie, \n\nCzy znaki dietetyczne/alergenów znajdują się na opakowaniu?:Nie"}, {"header": "Wartość odżywcza", "content": "W 100 gWartość energetyczna kcal125 kcalZawartość tłuszczów (ogólnie)6.6 gKwasy tłuszczowe nasycone0.8 gZawartość węglowodanów11 gCukry3.2 gZawartość białek4.9 gZawartość soli1.4 g"}, {"header": "Pozostałe informacje", "content": "Kraj pochodzenia:PolskaKraj pochodzenia zależy od konkretnej partii produktu jaka znajduje się w sklepie. Informację o kraju pochodzenia znajdziesz na opakowaniu. Możesz również dodać komentarz z preferowanym typem produktu w koszyku lub wiadomości dla shoppera (np. “prosze o pomidory polskie”).Producent:DEGA S.A.,\nKarnieszewice 5,\n76-004 Sianów,\nT +48 94 36 15 100,\nwww.dega.plDystrybutor:DEGA Spółka AkcyjnaKarnieszewice 5 76-004 SIANÓWkj@dega.plNazwa wymagana prawnie:Paprykarz z dorszem"}], "images": ["data/images/d7b660133905f39a73ae09863ce3360c.jpg"], "absolute_path": "Artykuły spożywcze/Produkty konserwowe/Konserwy rybne/Produkt 6"}
{"name": "Produkt 5", "url": "https://zakupy.biedronka.pl/rio-mare-rio-mare-tunczyk-w-sosie-wlasnym-160-g-0000005632.html", "title": "Rio Mare Tuńczyk w sosie własnym 160 g", "brand": "Rio Mare", "price": "13.59 PLN", "packaging_details": "0.112kg- 130,67 zł / kg", "description_sections": [{"header": "Składniki i alergeny", "content": "Składniki:tuńczyk* (ryba),woda,sól,naturalne aromaty (seler, cebula),*Euthynnus (Katsuwonus) pelamisAlergeny:Zawiera RybaInne informacje o zawartości produktu:Smaki / Aromaty:Zawiera"}, {"header": "Wartość odżywcza", "content": "W 100 gWartość energetyczna101 kcalTłuszcz0.5 gw tym kwasy tłuszczowe nasycone0.2 gWęglowodany0 gw tym cukry0 gBiałko24 gSól1.1 g"}, {"header": "Pozostałe informacje", "content": "Kraj pochodzenia:EkwadorKraj pochodzenia zależy od konkretnej partii produktu jaka znajduje się w sklepie. Informację o kraju pochodzenia znajdziesz na opakowaniu. Możesz również dodać komentarz z preferowanym typem produktu w koszyku lub wiadomości dla shoppera (np. “prosze o pomidory polskie”).Dystrybutor:Bolton Polska Sp. z o.o.Plac Konesera 9 03-736 WarszawaNazwa wymagana prawnie:Tuńczyk w sosie własnym. Produkt sterylizowany."}], "images": ["data/images/daaba035a235c6736c2001f02077d9f0.jpg", "data/images/b90c4ed409ce15208b40d2a64cabbd2d.jpg"], "absolute_path": "Artykuły spożywcze/Produkty konserwowe/Konserwy rybne/Produkt 5"}
{"name": "Produkt 4", "url": "https://zakupy.biedronka.pl/biedronka-biedronka-filety-z-tunczyka-w-oliwie-z-oliwek-140-g-0000005221.html", "title": "Biedronka Filety z tuńczyka w oliwie z oliwek 140 g", "brand": "Biedronka", "price": "15.69 PLN", "packaging_details": "0.14kg- 112,07 zł / kg", "description_sections": [{"header": "Składniki i alergeny", "content": "Składniki:tuńczyk(Katsuwonus pelamis) 73,5%, oliwa z oliwek 25%, sól.Alergeny:Ryby i produkty pochodneInne informacje o zawartości produktu:Zawiera surowce GMO:Nie"}, {"header": "Wartość odżywcza", "content": "W 100 gWartość energetyczna kcal168 kcalZawartość tłuszczów (ogólnie)6.9 gKwasy tłuszczowe nasycone1 gZawartość węglowodanów0.6 gCukry0 gZawartość błonnika0.5 gZawartość białek26 gZawartość soli1.3 g"}, {"header": "Pozostałe informacje", "content": "Kraj pochodzenia:MauritiusKraj pochodzenia zależy od konkretnej partii produktu jaka znajduje się w sklepie. Informację o kraju pochodzenia znajdziesz na opakowaniu. Możesz również dodać komentarz z preferowanym typem produktu w koszyku lub wiadomości dla shoppera (np. “prosze o pomidory polskie”).Producent:Conservas Rianxeira, S.A.U.Dystrybutor:Jeronimo Martins Polska S.A.Żniwna 5 62-025 KostrzynImporter:Jeronimo Martins Polska S.A.Żniwna 5 62-025 Kostrzyn PLNazwa wymagana prawnie:Filety z tuńczyka w oliwie z oliwek. Produkt sterylizowany."}], "images": ["data/images/48c3f836010af1a499506000c0183b69.jpg", "data/images/917cd07ec80021b2b45b59f58db6a8ac.jpg", "data/images/18bfd853dc39b37b8b403a161ef09e72.jpg"], "absolute_path": "Artykuły spożywcze/Produkty konserwowe/Konserwy rybne/Produkt 4"}
{"name": "Produkt 8", "url": "https://zakupy.biedronka.pl/graal-graal-tunczyk-kawalki-w-oleju-roslinnym-3x140-g-0000003477.html", "title": "Graal Tuńczyk kawałki w oleju roślinnym 3x140 g", "brand": "Graal", "price": "18.99 PLN", "packaging_details": "0.294kg- 64,59 zł / kg", "description_sections": [{"header": "Opis produktu", "content": "Tuńczyki w marce Graal to jedne z najpopularniejszych konserw rybnych. Dzięki delikatnemu smaku Tuńczyki stanowią wyśmienity dodatek do delikatnych oraz dietetycznych sałatek. Duża zawartość białka oraz kwasów Omega 3 i 6 sprawia, że stanowią ważny składnik naszej diety."}, {"header": "Składniki i alergeny", "content": "Składniki:tuńczykkawałki, olej słonecznikowy, sól.Alergeny:Ryby i produkty pochodneInne informacje o zawartości produktu:Zawiera surowce GMO:Nie"}, {"header": "Wartość odżywcza", "content": "W 100 gWartość energetyczna kcal257 kcalZawartość tłuszczów (ogólnie)21 gKwasy tłuszczowe nasycone1.7 gZawartość węglowodanów0 gCukry0 gZawartość białek17 gZawartość soli0.57 g"}, {"header": "Pozostałe informacje", "content": "Kraj pochodzenia:Tajlandia, Filipiny, Wietnam, Ekwador, Kolumbia, GhanaKraj pochodzenia zależy od konkretnej partii produktu jaka znajduje się w sklepie. Informację o kraju pochodzenia znajdziesz na opakowaniu. Możesz również dodać komentarz z preferowanym typem produktu w koszyku lub wiadomości dla shoppera (np. “prosze o pomidory polskie”).Producent:GRAAL S.A.Dystrybutor:GRAAL SAZACHODNIA 22 84-200 WEJHEROWOImporter:GRAAL SAZACHODNIA 22 84-200 WEJHEROWO PLbiuro@graal.plNazwa wymagana prawnie:Tuńczyk kawałki w oleju roślinnym 3x140g. Konserwa rybna sterylizowana."}], "images": ["data/images/bd8ef89afcf40e14e4f697004ea0ebfa.jpg", "data/images/a679a7aee7aabca07831a8d09570febd.jpg"], "absolute_path": "Artykuły spożywcze/Produkty konserwowe/Konserwy rybne/Produkt 8"}
{"name": "Produkt 7", "url": "https://zakupy.biedronka.pl/dega-dega-paprykarz-z-lososia-135-g-0000005659.html", "title": "Dega Paprykarz z łososia 135 g", "brand": "Dega", "price": "2.29 PLN", "packaging_details": "0.135kg- 16,96 zł / kg", "description_sections": [{"header": "Składniki i alergeny", "content": "Składniki:woda,mięso separowane złososiaatlantyckiego 26 % (Salmo salar),koncentrat pomidorowy,ryż,olej rzepakowy,cebula,sól,cukier,ocet spirytusowy,przyprawy,mąkapszenna,błonnikpszenny,ekstrakt z paprykiAlergeny:Może zawierać Seler, \n\nMoże zawierać Skorupiaki, \n\nMoże zawierać Jaja, \n\nZawiera Ryba, \n\nMoże zawierać Mleko, \n\nMoże zawierać Gorczyca, \n\nMoże zawierać Sezam, \n\nMoże zawierać Soja, \n\nZawiera Pszenica"}, {"header": "Wartość odżywcza", "content": "W 100 gWartość energetyczna149 kcalTłuszcz9.4 gw tym kwasy tłuszczowe nasycone1 gWęglowodany10 gw tym cukry3.6 gBiałko5.2 gSól1.5 g"}, {"header": "Pozostałe informacje", "content": "Producent:Dega Spółka Akcyjna,\nKarnieszewice 5,\n76-004 SianówDystrybutor:Dega Spółka AkcyjnaKarnieszewice 5 76-004 SianówNazwa wymagana prawnie:Paprykarz z łososia. Konserwa sterylizowana."}], "images": ["data/images/ed005154de1803865710db53d24561db.jpg", "data/images/93fa8dffe94afb64ba583f052982b930.jpg"], "absolute_path": "Artykuły spożywcze/Produkty konserwowe/Konserwy rybne/Produkt 7"}
{"name": "Produkt 1", "url": "https://zakupy.biedronka.pl/profi-profi-pasztet-z-pomidorami-131-g-0000005119.html", "title": "Profi Pasztet z pomidorami 131 g", "brand": "Profi", "price": "2.59 PLN", "packaging_details": "0.131kg- 19,77 zł / kg", "description_sections": [{"header": "Opis produktu", "content": "Nasz pasztet z pomidorami to idealne połączenie tradycji i świeżości. Jest to smakowa propozycja, która zaspokoi gusta wszystkich miłośników pasztetów i pomidorów.Nasz pasztet z pomidorami wyróżnia się swoim soczystym i intensywnym smakiem. Dzięki dodatkowi świeżych i dojrzałych pomidorów, pasztet zyskuje lekko kwaśny, a zarazem słodki smak, który doskonale komponuje się z delikatną strukturą mięsa.Dodatkowo, pomidory są bogate w witaminy, minerały i przeciwutleniacze, co sprawia, że nasz pasztet z pomidorami nie tylko smakuje wyjątkowo, ale także może przynieść korzyści dla zdrowia. To doskonała propozycja dla osób, które cenią sobie połączenie smaku i wartości odżywczych.Pasztet z pomidorami doskonale nadaje się jako przekąska na różnego rodzaju spotkaniach i imprezach. Może być podawany na ciepło lub na zimno, jako dodatek do kanapek, pieczywa lub jako samodzielne danie. Jego soczysty smak i aromat pomidorów sprawią, że każdy kęs będzie prawdziwą przyjemnością dla podniebienia.W naszej firmie stawiamy na najwyższą jakość i świeżość składników. Nasz pasztet z pomidorami jest starannie przygotowany z wysokiej jakości mięsa i świeżych pomidorów, aby zapewnić naszym klientom niezapomniane doznania smakowe.Zapraszamy do spróbowania naszego pasztetu z pomidorami i odkrycia wyjątkowego smaku, który zachwyci Twoje podniebienie. Jesteśmy pewni, że nasz pasztet z pomidorami przypadnie do gustu zarówno miłośnikom pasztetów, jak i fanom pomidorów."}, {"header": "Składniki i alergeny", "content": "Składniki:woda,tłuszcz wieprzowy,mięso oddzielone mechanicznie z kurcząt 13%,wątroba z kurcząt 11%,wątroba wieprzowa 5%,koncentrat pomidorowy 5%,kasza manna zpszenicy,serca z kurcząt 3%,jaja,białkosojowe,sól,skrobia modyfikowana,cebula,papryka,przyprawyAlergeny:Zawiera Jaja, \n\nZawiera Soja, \n\nZawiera PszenicaInne informacje o zawartości produktu:konserwanty:Nie zawiera"}, {"header": "Wartość odżywcza", "content": "W 100 gWartość energetyczna210 kcalTłuszcz17 gw tym kwasy tłuszczowe nasycone5.5 gWęglowodany5.7 gw tym cukry1.3 gBiałko8.3 gSól1.4 g"}, {"header": "Pozostałe informacje", "content": "Producent:Profi S.A.,\nul. Kolejowa 3,\n63 - 520 Grabów n. Prosną,\nPolskaDystrybutor:Profi sp. z o.o.ul. Kolejowa 3 63-520  Grabów n. ProsnąNazwa wymagana prawnie:Pasztet z pomidorami, drobiowo-wieprzowy. Produkt sterylizowany."}], "images": ["data/images/adb0977dde6fd25def4b4c45f3a628f2.jpg"], "absolute_path": "Artykuły spożywcze/Produkty konserwowe/Pasztety/Produkt 1"}
{"name": "Produkt 1", "url": "https://zakupy.biedronka.pl/krakus-krakus-barszcz-koncentrat-300-ml-0000007673.html", "title": "Krakus Barszcz koncentrat 300 ml", "brand": "Krakus", "price": "4.99 PLN", "packaging_details": "0.3l- 16,63 zł / l", "description_sections": [{"header": "Opis produktu", "content": "Barszcz to smak polskiej wigiliiWypracowana przez lata receptura koncentratu Krakus jest gwarancją wybornej, prawdziwie świątecznej zupy, którą możesz przyprawić według własnego uznania.Wysoka zawartość potasu."}, {"header": "Składniki i alergeny", "content": "Składniki:zagęszczony sok z buraków ćwikłowych (57 %),woda,cukier,sól,regulator kwasowości - kwas cytrynowy,warzywa i ekstrakty warzywne (zawierająseler),przyprawy i ekstrakty przypraw,aromaty (zawierająseler,mleko)"}, {"header": "Przechowywanie i sposób przygotowania", "content": "Sposób podania:Wstrząśnij przed otwarciem. Sposób przyrządzania: do około 1,7 litra wrzącej wody lub rosołu dodaj koncentrat barszczu. Wymieszaj i zagotuj. Zawartość opakowania wystarczy na 2 litry gotowego barszczu. Otrzymana ilość wystarczy do przygotowania około 8 porcji zupy."}, {"header": "Pozostałe informacje", "content": "Dystrybutor:Jeronimo Martins Polska S.A.Żniwna 5 62-025 Kostrzyn PLImporter:Jeronimo Martins Polska S.A.Żniwna 5 62-025 Kostrzyn PLNazwa wymagana prawnie:Koncentrat barszczu czerwonego. Produkt pasteryzowany."}], "images": ["data/images/469e3534ba21ff0ec55a33e05b618675.jpg"], "absolute_path": "Artykuły spożywcze/Produkty konserwowe/Zakwasy/Produkt 1"}
{"name": "Produkt 10", "url": "https://zakupy.biedronka.pl/dega-dega-paprykarz-szczecinski-135-g-0000005660.html", "title": "Dega Paprykarz szczeciński 135 g", "brand": "Dega", "price": "2.29 PLN", "packaging_details": "0.135kg- 16,96 zł / kg", "description_sections": [{"header": "Opis produktu", "content": "Paprykarz szczeciński 135g to produkt kultowy, znany Konsumentom od lat 60-tych XX wieku. Jest on wpisany na Listę Produktów Tradycyjnych Ministerstwa Rolnictwa i Rozwoju Wsi. Paprykarz DEGA to numer 1 w Polsce, o czym świadczą liczne nagrody w konkursach konsumenckich i eksperckich. Najwyższa jakość to zasługa sprawdzonej receptury oraz starannie dobranych składników - łososia, koncentratu, ryżu, warzyw oraz aromatycznej mieszanki przypraw. Paprykarz to super propozycja na śniadanie i kolację - do świeżego pieczywa. Sprawdza się również jako dodatek do różnego rodzaju przekąsek na imprezę - chrupkiego pieczywa, grissini czy jako baza do naleśników. Przepisy kulinarne z udziałem paprykarza Dega dostępne na YouTube na kanale DegaParty."}, {"header": "Składniki i alergeny", "content": "Składniki:Woda, rozdrobnionyłosoś(Salmo salar)* 26%, koncentrat pomidorowy, ryż, cebula, olej rzepakowy, sól, cukier, ocet spirytusowy, przyprawy, mąkapszenna, ekstrakt z papryki.Alergeny:Ryby i produkty pochodne, \n\nZboża zawierajace gluten, \n\nPszenica i produkty z pszenicyInne informacje o zawartości produktu:Zawiera surowce GMO:Nie, \n\nZawiera lukrecję:Nie, \n\nZawiera chininę:Nie, \n\nZawiera taurynę:Nie, \n\nZawiera przeciwutleniacze:Nie, \n\nZawiera wzmacniacze smaku:Nie, \n\nZawiera fosforany:Nie, \n\nZawiera siarczyny:Nie, \n\nZawiera barwniki:Nie, \n\nZawiera aromaty:Nie, \n\nZawiera antybiotyki:Nie, \n\nZawiera substancje konserwujące:Nie, \n\nZawiera tłuszcze utwardzone (trans):Nie, \n\nZawiera olej palmowy:Nie, \n\nŚrodki spozywcze z dodatkiem fitosteroli, estrów fitosteroli, fitostanoli lub estrów fitostanoli:Nie, \n\nPlant based - produkt bazujący na składnikach roślinnych:Nie"}, {"header": "Wartość odżywcza", "content": "W 100 gWartość energetyczna kcal159 kcalZawartość tłuszczów (ogólnie)10 gKwasy tłuszczowe nasycone1.2 gZawartość węglowodanów10 gCukry3.7 gZawartość białek5.3 gZawartość soli1.6 g"}, {"header": "Przechowywanie i sposób przygotowania", "content": "Sposób przygotowania:Gotowy do jedzeniaSposób podania:samodzielna przekąska, do pieczywa"}, {"header": "Pozostałe informacje", "content": "Kraj pochodzenia:PolskaKraj pochodzenia zależy od konkretnej partii produktu jaka znajduje się w sklepie. Informację o kraju pochodzenia znajdziesz na opakowaniu. Możesz również dodać komentarz z preferowanym typem produktu w koszyku lub wiadomości dla shoppera (np. “prosze o pomidory polskie”).Producent:Dega Spółka Akcyjna,\nKarnieszewice 5,\n76-004 SianówDystrybutor:DEGA Spółka AkcyjnaKarnieszewice 5 76-004 SIANÓWNazwa wymagana prawnie:paprykarz szczeciński 135g"}], "images": ["data/images/f9bd371949960af7305c7b0f3b00f34c.jpg"], "absolute_path": "Artykuły spożywcze/Produkty konserwowe/Konserwy rybne/Produkt 10"}
{"name": "Produkt 2", "url": "https://zakupy.biedronka.pl/profi-profi-pasztet-firmowy-131-g-0000005122.html", "title": "Profi Pasztet firmowy 131 g", "brand": "Profi", "price": "2.59 PLN", "packaging_details": "0.131kg- 19,77 zł / kg", "description_sections": [{"header": "Opis produktu", "content": "Nasza firma ma przyjemność przedstawić nasz wyjątkowy pasztet firmowy, który zachwyca smakiem i jakością. Nasz pasztet jest starannie przygotowany z najwyższej jakości składników, aby zapewnić naszym klientom niezapomniane doznania kulinarne.Nasz pasztet firmowy wyróżnia się swoją wyjątkową kompozycją smakową, która łączy tradycję z nowoczesnością. Jest to delikatne połączenie mięsa o doskonałej konsystencji z wyselekcjonowanymi przyprawami, które nadają mu bogactwo smaku i aromatu.Jednym z kluczowych elementów naszego pasztetu firmowego jest starannie dobrany zestaw przypraw. Dzięki temu nasz pasztet ma wyrazisty i zrównoważony smak, który zadowoli nawet najbardziej wymagających smakoszy.Dodatkowo, nasz pasztet firmowy jest przygotowany z dbałością o jakość i świeżość składników. Stawiamy na naturalność i wysoką jakość, co sprawia, że nasz pasztet jest nie tylko smaczny, ale również zdrowy.Pasztet firmowy doskonale sprawdzi się jako przekąska na różnego rodzaju spotkaniach i imprezach. Może być podawany na ciepło lub na zimno, jako dodatek do kanapek, pieczywa lub jako samodzielne danie. Jego wyjątkowy smak i aromat z pewnością zachwycą Twoich gości.W naszej firmie stawiamy na najwyższą jakość i zadowolenie klientów. Dlatego nasz pasztet firmowy jest starannie przygotowywany z myślą o oczekiwaniach i upodobaniach naszych klientów.Zapraszamy do spróbowania naszego pasztetu firmowego i doświadczenia wyjątkowych smakowych doznań. Jesteśmy pewni, że nasz pasztet przypadnie do gustu nawet najbardziej wymagającym koneserom pasztetów."}, {"header": "Składniki i alergeny", "content": "Składniki:woda,tłuszcz wieprzowy,mięso oddzielone mechanicznie z kurcząt 14%,wątroba z kurcząt 12%,wątroba wieprzowa 5,5%,kasza manna zpszenicy,serca z kurcząt 3%,jaja,białkosojowe,sól,skrobia modyfikowana,cebula,papryka,przyprawyAlergeny:Zawiera Jaja, \n\nZawiera Soja, \n\nZawiera PszenicaInne informacje o zawartości produktu:konserwanty:Nie zawiera"}, {"header": "Wartość odżywcza", "content": "W 100 gWartość energetyczna209 kcalTłuszcz17 gw tym kwasy tłuszczowe nasycone5.8 gWęglowodany5.2 gw tym cukry0.7 gBiałko8.5 gSól1.4 g"}, {"header": "Pozostałe informacje", "content": "Producent:Profi S.A.,\nul. Kolejowa 3,\n63-520 Grabów n. Prosną,\nPolskaDystrybutor:Profi sp. z o.o.ul. Kolejowa 3 63-520  Grabów n. ProsnąNazwa wymagana prawnie:Pasztet firmowy, drobiowo-wieprzowy. Produkt sterylizowany."}], "images": ["data/images/f2aa35b99065bd23882c715ddbe19d36.jpg"], "absolute_path": "Artykuły spożywcze/Produkty konserwowe/Pasztety/Produkt 2"}
{"name": "Produkt 9", "url": "https://zakupy.biedronka.pl/rio-mare-rio-mare-tunczyk-w-oliwie-z-oliwek-160-g-0000005630.html", "title": "Rio Mare Tuńczyk w oliwie z oliwek 160 g", "brand": "Rio Mare", "price": "13.59 PLN", "packaging_details": "0.104kg- 130,67 zł / kg", "description_sections": [{"header": "Składniki i alergeny", "content": "Składniki:tuńczyk**,oliwa z oliwek,sól,**Euthynnus (Katsuwonus) pelamisAlergeny:Zawiera Ryba"}, {"header": "Wartość odżywcza", "content": "W 100 gWartość energetyczna401 kcalTłuszcz37 gw tym kwasy tłuszczowe nasycone6 gWęglowodany0 gw tym cukry0 gBiałko17 gSól1.1 g"}, {"header": "Pozostałe informacje", "content": "Dystrybutor:Bolton Polska Sp z o.o.Plac Konesera 9 03-736 WarszawaNazwa wymagana prawnie:Tuńczyk w oliwie z oliwek."}], "images": ["data/images/46d6ee2cbf988e3eb06079360463c596.jpg", "data/images/632e82f2a558c97fb6bcad501172989e.jpg"], "absolute_path": "Artykuły spożywcze/Produkty konserwowe/Konserwy rybne/Produkt 9"}
{"name": "Produkt 2", "url": "https://zakupy.biedronka.pl/nasza-spizarnia-nasza-spizarnia-ciecierzyca-540-g-0000004715.html", "title": "Nasza Spiżarnia Ciecierzyca 540 g", "brand": "Nasza Spiżarnia", "price": "6.49 PLN", "packaging_details": "0.4kg- 16,23 zł / kg", "description_sections": [{"header": "Opis produktu", "content": "Nutriscore:A"}, {"header": "Składniki i alergeny", "content": "Składniki:ciecierzyca, woda, sól, przeciwutleniacz (E-385). Może zawierać śladowe ilościłubinuisoi.Inne informacje o zawartości produktu:Zawiera surowce GMO:Nie, \n\nPoziom znakowania Nutriscore:A, \n\nDodatki zawarte w produkcie (E-symbole):E385 Sól wapniowo -disodowa kwasu etylenodiaminotetraoctowego, \n\nFunkcje dodatków obecnych w produkcie (zadeklarowanych jako dodatki lub numery E):Przeciwutleniacz"}, {"header": "Wartość odżywcza", "content": "W 100 gWartość energetyczna kcal117 kcalZawartość tłuszczów (ogólnie)2.4 gKwasy tłuszczowe nasycone0.4 gZawartość węglowodanów13 gCukry0.8 gZawartość błonnika8 gZawartość białek6.8 gZawartość soli0.51 g"}, {"header": "Pozostałe informacje", "content": "Producent:Jeronimo Martins Polska S.A.Dystrybutor:Jeronimo Martins Polska S.A.Żniwna 5 62-025 KostrzynJeronimo Martins Polska S.A.Żniwna 5 62-025 Kostrzyn PLImporter:Jeronimo Martins Polska S.A.Żniwna 5 62-025 Kostrzyn PLNazwa wymagana prawnie:Ciecierzyca gotowana konserwowa. Produkt sterylizowany."}], "images": ["data/images/09f94704866cc8b3b65056b49f3cd8b5.jpg"], "absolute_path": "Artykuły spożywcze/Produkty konserwowe/Warzywa i owoce konserwowe/Produkt 2"}
{"name": "Produkt 5", "url": "https://zakupy.biedronka.pl/nasza-spizarnia-nasza-spizarnia-brzoskwinie-w-syropie-820-g-0000002734.html", "title": "Nasza Spiżarnia Brzoskwinie w syropie 820 g", "brand": "Nasza Spiżarnia", "price": "7.99 PLN", "packaging_details": "0.48kg- 16,65 zł / kg", "description_sections": [{"header": "Opis produktu", "content": "Nutriscore:B"}, {"header": "Składniki i alergeny", "content": "Składniki:połówki brzoskwiń, woda, cukier, regulator kwasowości: kwas cytrynowy. Produkt może zawierać fragmenty pestekInne informacje o zawartości produktu:Zawiera surowce GMO:Nie, \n\nPoziom znakowania Nutriscore:B"}, {"header": "Wartość odżywcza", "content": "W 100 gWartość energetyczna kcal59 kcalZawartość tłuszczów (ogólnie)0.5 gKwasy tłuszczowe nasycone0.1 gZawartość węglowodanów14 gCukry13 gZawartość błonnika1.2 gZawartość białek0.5 gZawartość soli0.01 g"}, {"header": "Pozostałe informacje", "content": "Kraj pochodzenia:GrecjaKraj pochodzenia zależy od konkretnej partii produktu jaka znajduje się w sklepie. Informację o kraju pochodzenia znajdziesz na opakowaniu. Możesz również dodać komentarz z preferowanym typem produktu w koszyku lub wiadomości dla shoppera (np. “prosze o pomidory polskie”).Dystrybutor:Jeronimo Martins Polska S.A.Żniwna 5 62-025 KostrzynNazwa wymagana prawnie:Brzoskwinie połówki w syropie. Produkt sterylizowany."}], "images": ["data/images/293b536c4ea5e7b2d55f3c5120777dd4.jpg", "data/images/366983bf0aa89346310037daf8158ca1.jpg"], "absolute_path": "Artykuły spożywcze/Produkty konserwowe/Warzywa i owoce konserwowe/Produkt 5"}
{"name": "Produkt 4", "url": "https://zakupy.biedronka.pl/mutti-mutti-polpa-pomidory-drobno-krojone-bez-skorek-400-g-0000006098.html", "title": "Mutti Polpa pomidory drobno krojone bez skórek 400 g", "brand": "Mutti", "price": "5.99 PLN", "packaging_details": "0.4kg- 23,04 zł / kg", "description_sections": [{"header": "Składniki i alergeny", "content": "Składniki:pomidory (99,8%), sól.Inne informacje o zawartości produktu:Zawiera surowce GMO:Nie"}, {"header": "Wartość odżywcza", "content": "W 100 gWartość energetyczna kcal26 kcalZawartość tłuszczów (ogólnie)0.2 gKwasy tłuszczowe nasycone0.1 gZawartość węglowodanów3.9 gCukry2.8 gZawartość białek1.2 gZawartość soli0.3 g"}, {"header": "Pozostałe informacje", "content": "Kraj pochodzenia:WłochyKraj pochodzenia zależy od konkretnej partii produktu jaka znajduje się w sklepie. Informację o kraju pochodzenia znajdziesz na opakowaniu. Możesz również dodać komentarz z preferowanym typem produktu w koszyku lub wiadomości dla shoppera (np. “prosze o pomidory polskie”).Producent:Mutti S.p.A.,\nVia Traversetolo 28\n43022 Montechiarugolo,\nParma,\nWłochyDystrybutor:Develey Polska Sp. z o.o.Batalionu Platerówek 3 03-308 Warszawaagnieszka.marchewka@develey.plNazwa wymagana prawnie:Pulpa pomidorowa - produkt pasteryzowany"}], "images": ["data/images/3655f3149e66764238b6963f7ad9ef46.jpg"], "absolute_path": "Artykuły spożywcze/Produkty konserwowe/Warzywa i owoce konserwowe/Produkt 4"}
{"name": "Produkt 1", "url": "https://zakupy.biedronka.pl/swojska-chata-swojska-chata-ogorki-kiszone-700-g-0000003015.html", "title": "Swojska Chata Ogórki kiszone 700 g", "brand": "Swojska Chata", "price": "5.49 PLN", "packaging_details": "0.4kg- 13,73 zł / kg", "description_sections": [{"header": "Składniki i alergeny", "content": "Składniki:ogórki świeże, zalewa (woda, koper, sól, czosnek, ziele angielskie, liść laurowy).Inne informacje o zawartości produktu:Zawiera surowce GMO:Nie, \n\nZawiera substancje konserwujące:Nie"}, {"header": "Wartość odżywcza", "content": "W 100 gWartość energetyczna kcal9 kcalZawartość tłuszczów (ogólnie)0.5 gKwasy tłuszczowe nasycone0.1 gZawartość węglowodanów1.3 gCukry0.5 gZawartość błonnika0.5 gZawartość białek0.6 gZawartość soli2.5 g"}, {"header": "Pozostałe informacje", "content": "Kraj pochodzenia:PolskaKraj pochodzenia zależy od konkretnej partii produktu jaka znajduje się w sklepie. Informację o kraju pochodzenia znajdziesz na opakowaniu. Możesz również dodać komentarz z preferowanym typem produktu w koszyku lub wiadomości dla shoppera (np. “prosze o pomidory polskie”).Producent:Przedsiębiorstwo  Usługowo-Handlowe \"DOMINIK\" Wiesława PawlikowskaDystrybutor:Przedsiębiorstwo Usługowo-Handlowe \"DOMINIK\" Wiesława PawlikowskaMierzyn 17 13-334 Łąkorzdominik@dominik.plJeronimo Martins Polska S.A.Żniwna 5 62-025 Kostrzyn PLImporter:Jeronimo Martins Polska S.A.Żniwna 5 62-025 Kostrzyn PLbok@biedronka.plNazwa wymagana prawnie:Ogórki kiszone. Produkt otrzymany w wyniku naturalnej fermentacji mlekowej. Bez dodatku substancji konserwujących."}], "images": ["data/images/3df6aab0b8e4d6b978f47d32d435f821.jpg", "data/images/7bfbc39eaf6766be88bce981b3973912.jpg"], "absolute_path": "Artykuły spożywcze/Produkty konserwowe/Warzywa i owoce konserwowe/Produkt 1"}
{"name": "Produkt 3", "url": "https://zakupy.biedronka.pl/nasza-spizarnia-nasza-spizarnia-kukurydza-slodka-340-g-0000000117.html", "title": "Nasza Spiżarnia Kukurydza słodka 340 g", "brand": "Nasza Spiżarnia", "price": "3.99 PLN", "packaging_details": "0.285kg- 14,00 zł / kg", "description_sections": [{"header": "Opis produktu", "content": "Nutriscore:A"}, {"header": "Składniki i alergeny", "content": "Składniki:ziarna kukurydzy (bez GMO), woda, sólInne informacje o zawartości produktu:Zawiera surowce GMO:Nie, \n\nPoziom znakowania Nutriscore:A"}, {"header": "Wartość odżywcza", "content": "W 100 gWartość energetyczna kcal80 kcalZawartość tłuszczów (ogólnie)1.9 gKwasy tłuszczowe nasycone0.4 gZawartość węglowodanów11 gCukry5.6 gZawartość błonnika3.6 gZawartość białek3 gZawartość soli0.4 g"}, {"header": "Pozostałe informacje", "content": "Dystrybutor:Jeronimo Martins Polska S.A.Żniwna 5 62-025 KostrzynNazwa wymagana prawnie:Kukurydza konserwowa pakowana próżniowo"}], "images": ["data/images/8c103af30b2b86b6ac520a8a74686c83.jpg", "data/images/b9352c2002c0fe5be9121f3e9c46ed9e.jpg"], "absolute_path": "Artykuły spożywcze/Produkty konserwowe/Warzywa i owoce konserwowe/Produkt 3"}
{"name": "Produkt 7", "url": "https://zakupy.biedronka.pl/krakus-krakus-ogorki-konserwowe-920-g-0000005872.html", "title": "Krakus Ogórki konserwowe 920 g", "brand": "Krakus", "price": "9.39 PLN", "packaging_details": "0.45kg- 20,87 zł / kg", "description_sections": [{"header": "Opis produktu", "content": "Ogórki to skarb tradycyjnej polskiej kuchniA ogórki Krakus są pyszne, słodko-kwaśne i bardzo chrupiące. Zawdzięczają to wypracowanemu przez lata przepisowi na marynatę - czosnek, chrzan, gorczyca, koper ogrodowy - jak również dokładnej selekcji odmian hodowanych przez sprawdzonych dostawców. Bo nie każdy ogórek może stać się jednym z ogórków krakus, które od lat królują na kanapkach i w sałatkach!"}, {"header": "Składniki i alergeny", "content": "Składniki:ogórki,ocet spirytusowy,cukier,sól,przyprawy (koper, chrzan, czosnek, ziele angielskie, pieprz czarny, liść laurowy,gorczyca)Alergeny:Zawiera Gorczyca"}, {"header": "Wartość odżywcza", "content": "W 100 gWartość energetyczna33 kcalTłuszcz0.5 gw tym kwasy tłuszczowe nasycone0 gWęglowodany6.6 gw tym cukry5.8 gBiałko0.5 gSól1 g"}, {"header": "Pozostałe informacje", "content": "Producent:MW FOOD Sp. z o.o.\nul. Chopina 10,\n34-100 WadowiceNazwa wymagana prawnie:Ogórki konserwowe. Produkt pasteryzowany."}], "images": ["data/images/56b7164f868da83c055a0801c842f93f.jpg"], "absolute_path": "Artykuły spożywcze/Produkty konserwowe/Warzywa i owoce konserwowe/Produkt 7"}
{"name": "Produkt 6", "url": "https://zakupy.biedronka.pl/nasza-spizarnia-nasza-spizarnia-fasola-czerwona-konserwowa-400-g-0000007375.html", "title": "Nasza Spiżarnia Fasola czerwona konserwowa 400 g", "brand": "Nasza Spiżarnia", "price": "2.89 PLN", "packaging_details": "0.24kg- 12,04 zł / kg", "description_sections": [{"header": "Opis produktu", "content": "Nutriscore:A"}, {"header": "Składniki i alergeny", "content": "Składniki:fasola czerwona, woda, sól. Może zawieraćsojęi zboża zawierające glutenInne informacje o zawartości produktu:Zawiera surowce GMO:Nie, \n\nPoziom znakowania Nutriscore:A"}, {"header": "Wartość odżywcza", "content": "W 100 gWartość energetyczna kcal101 kcalZawartość tłuszczów (ogólnie)0.5 gKwasy tłuszczowe nasycone0.1 gZawartość węglowodanów14 gCukry2 gZawartość błonnika7 gZawartość białek7.3 gZawartość soli0.8 g"}, {"header": "Pozostałe informacje", "content": "Producent:Dawtona Sp. z o.o.Dystrybutor:Jeronimo Martins Polska S.A.Żniwna 5 62-025 KostrzynImporter:Jeronimo Martins Polska S.A.Żniwna 5 62-025 Kostrzyn PLNazwa wymagana prawnie:Fasola czerwona konserwowa. Produkt sterylizowany."}], "images": ["data/images/9e7929070513699ac4c92cf46d3232a1.jpg", "data/images/e9f00dffccd250307975cbd2064ff654.jpg", "data/images/89befc1a14eb104b89f2481ed3bac765.jpg"], "absolute_path": "Artykuły spożywcze/Produkty konserwowe/Warzywa i owoce konserwowe/Produkt 6"}
{"name": "Produkt 10", "url": "https://zakupy.biedronka.pl/bonduelle-bonduelle-kukurydza-zlocista-2-x-170-g-340-g-0000806630.html", "title": "Bonduelle Kukurydza złocista (2 x 170 g) 340 g", "brand": "Bonduelle", "price": "7.89 PLN", "packaging_details": "0.28kg- 28,18 zł / kg", "description_sections": [{"header": "Opis produktu", "content": "Nie rozdzielajciesz się podwójnie smakiem kukurydzy Bonduelledodaj więcej warzyw do Twojego dania!Czy wiesz, że kukurydza Bonduelle jest bez GMO i dodatku cukru.Nutriscore:A"}, {"header": "Składniki i alergeny", "content": "Składniki:kukurydza (bez GMO),woda,sólInne informacje o zawartości produktu:Składniki modyfikowane genetycznie:Nie zawiera"}, {"header": "Wartość odżywcza", "content": "W 100 gWartość energetyczna73 kcalTłuszcz1.4 gw tym kwasy tłuszczowe nasycone0.2 gWęglowodany11 gw tym cukry5.1 gBłonnik3 gBiałko2.7 gSól0.28 g"}, {"header": "Pozostałe informacje", "content": "Kraj pochodzenia:Produkt UEKraj pochodzenia zależy od konkretnej partii produktu jaka znajduje się w sklepie. Informację o kraju pochodzenia znajdziesz na opakowaniu. Możesz również dodać komentarz z preferowanym typem produktu w koszyku lub wiadomości dla shoppera (np. “prosze o pomidory polskie”).Producent:Bonduelle Polska S.A.\nul. Szturmowa 2,\n02-678 Warszawa\nkontakt: recepcja@bonduelle.com,\nwww.bonduelle.plDystrybutor:Jeronimo Martins Polska S.A.Żniwna 5 62-025 Kostrzyn PLImporter:Jeronimo Martins Polska S.A.Żniwna 5 62-025 Kostrzyn PLNazwa wymagana prawnie:Kukurydza konserwowa."}], "images": ["data/images/fa05cc26b4fabfb73260683c7bb3d591.jpg"], "absolute_path": "Artykuły spożywcze/Produkty konserwowe/Warzywa i owoce konserwowe/Produkt 10"}
{"name": "Produkt 9", "url": "https://zakupy.biedronka.pl/nasza-spizarnia-nasza-spizarnia-pomidory-suszone-z-ziolami-270-g-0000009696.html", "title": "Nasza Spiżarnia Pomidory suszone z ziołami 270 g", "brand": "Nasza Spiżarnia", "price": "7.49 PLN", "packaging_details": "0.15kg- 49,93 zł / kg", "description_sections": [{"header": "Opis produktu", "content": "Nutriscore:C"}, {"header": "Składniki i alergeny", "content": "Składniki:pomidory suszone nasączone 57 % (pomidory suszone, woda,cukier, sól, ocet winny), olej roślinny rzepakowy 42,6 %, mieszanka ziół 0,4 %.Inne informacje o zawartości produktu:Zawiera surowce GMO:Nie, \n\nPoziom znakowania Nutriscore:C"}, {"header": "Wartość odżywcza", "content": "W 100 gWartość energetyczna kcal185 kcalZawartość tłuszczów (ogólnie)11 gKwasy tłuszczowe nasycone1 gZawartość węglowodanów13 gCukry10 gZawartość błonnika6.9 gZawartość białek4.4 gZawartość soli3.1 g"}, {"header": "Pozostałe informacje", "content": "Producent:UrbanekDystrybutor:Bracia Urbanek sp. z o.o. (dawniej Firma Bracia Urbanek Andrzej i Jacek Urbanek  Spółka Jawna)Katarzynów 59 F 99-400 Łowiczhandel@urbanek.com.plJeronimo Martins Polska S.A.Żniwna 5 62-025 Kostrzyn PLImporter:Jeronimo Martins Polska S.A.Żniwna 5 62-025 Kostrzyn PLbok@biedronka.plNazwa wymagana prawnie:Pomidory suszone w oleju z ziołami. Produkt pasteryzowany."}], "images": ["data/images/5b9a7b764df3cf569643ede007381352.jpg", "data/images/1b8ea7adc54c847e3aeef70be4f4b6c2.jpg", "data/images/dfe0f2eab13eedf7964fc3ed0196b85b.jpg"], "absolute_path": "Artykuły spożywcze/Produkty konserwowe/Warzywa i owoce konserwowe/Produkt 9"}
{"name": "Produkt 8", "url": "https://zakupy.biedronka.pl/sottile-gusto-nasza-spizarnia-pomidory-suszone-w-paskach-z-ziolami-270-g150-g-0000008148.html", "title": "Nasza Spiżarnia Pomidory suszone w paskach z ziołami, 270 g/150 g", "brand": "Sottile Gusto", "price": "7.49 PLN", "packaging_details": "0.15kg- 49,93 zł / kg", "description_sections": [{"header": "Opis produktu", "content": "Suszone pomidory w oleju z ziołami paski  to niepowtarzalny smak i zapach - połączenie słodyczy pomidorów dojrzewających w tureckim słońcu z aromatem ziół . Te wyśmienite gotowe przekąski wprost rozpieszczają nasze podniebienia. Suszone pomidory zachwycą amatorów kuchni, poszukujących niebanalnych doznań kulinarnych. Wybornie smakują prosto z puszki. Możemy je również podawać z ulubionymi serami lub jako dodatek do sałaty, pizzy, szaszłyków czy chrupiących grzanek. Mogą być również nadzieniem do mięs."}, {"header": "Składniki i alergeny", "content": "Składniki:pomidory suszone nasączone 55, 5% (pomidory suszone, woda, cukier, sól, ocet winny), olej roślinny rzepakowy , mieszanka ziół 0,4%."}, {"header": "Pozostałe informacje", "content": "Kraj pochodzenia:PolskaKraj pochodzenia zależy od konkretnej partii produktu jaka znajduje się w sklepie. Informację o kraju pochodzenia znajdziesz na opakowaniu. Możesz również dodać komentarz z preferowanym typem produktu w koszyku lub wiadomości dla shoppera (np. “prosze o pomidory polskie”).Nazwa wymagana prawnie:Pomidory suszone Sottile Gusto 270/150 g w oleju z ziołami  paski"}], "images": ["data/images/24e6dd3fd751b6e6e2dcfc941b4b0ca8.jpg"], "absolute_path": "Artykuły spożywcze/Produkty konserwowe/Warzywa i owoce konserwowe/Produkt 8"}
{"name": "Produkt 13", "url": "https://zakupy.biedronka.pl/nasza-spizarnia-nasza-spizarnia-papryka-konserwowa-650-g-0000000178.html", "title": "Nasza Spiżarnia Papryka konserwowa 650 g", "brand": "Nasza Spiżarnia", "price": "5.99 PLN", "packaging_details": "0.3kg- 19,97 zł / kg", "description_sections": [{"header": "Opis produktu", "content": "Papryka konserwowa 650 g Nasza Spiżarnia"}, {"header": "Składniki i alergeny", "content": "Składniki:papryka, woda, ocet spirytusowy, cukier, sól, ekstrakty przypraw."}, {"header": "Pozostałe informacje", "content": "Kraj pochodzenia:PolskaKraj pochodzenia zależy od konkretnej partii produktu jaka znajduje się w sklepie. Informację o kraju pochodzenia znajdziesz na opakowaniu. Możesz również dodać komentarz z preferowanym typem produktu w koszyku lub wiadomości dla shoppera (np. “prosze o pomidory polskie”).Nazwa wymagana prawnie:Papryka konserwowa. Produkt pasteryzowany."}], "images": ["data/images/bcdec410289c4447f71f3024ee313b71.jpg"], "absolute_path": "Artykuły spożywcze/Produkty konserwowe/Warzywa i owoce konserwowe/Produkt 13"}
{"name": "Produkt 14", "url": "https://zakupy.biedronka.pl/nasza-spizarnia-nasza-spizarnia-ananas-plastry-565340-g-0000000202.html", "title": "Nasza Spiżarnia Ananas plastry 565/340 g", "brand": "Nasza Spiżarnia", "price": "6.99 PLN", "packaging_details": "0.34kg- 20,56 zł / kg", "description_sections": [{"header": "Opis produktu", "content": "Nutriscore:B"}, {"header": "Składniki i alergeny", "content": "Składniki:plastry ananasa, woda, cukier, regulator kwasowości: kwas cytrynowy"}, {"header": "Pozostałe informacje", "content": "Nazwa wymagana prawnie:Ananas w plastrach w syropie. Produkt pasteryzowany."}], "images": ["data/images/f48dc782a4c640f8435db63a45d86728.jpg", "data/images/3a4e11d8014d09e9737641ad165490f7.jpg"], "absolute_path": "Artykuły spożywcze/Produkty konserwowe/Warzywa i owoce konserwowe/Produkt 14"}
{"name": "Produkt 12", "url": "https://zakupy.biedronka.pl/nasza-spizarnia--nasza-spizarnia-pieczarki-marynowane-695-g-0000000459.html", "title": "Nasza Spiżarnia Pieczarki marynowane 695 g", "brand": "Nasza Spiżarnia", "price": "9.39 PLN", "packaging_details": "0.42kg- 22,36 zł / kg", "description_sections": [{"header": "Opis produktu", "content": "Całe grzybki zatopione w tradycyjnej octowej zalewie, bez substancji konserwujących. Idealna kompozycja przypraw nadaje grzybom wyrazisty smak i aromat. Pieczarki świetnie komponują się z wszelkimi daniami mięsnymi, mogą stanowić doskonałą przekąskę lub mogą być składnikiem sałatek.Nutriscore:A"}, {"header": "Składniki i alergeny", "content": "Składniki:pieczarki (50%), woda, marchew (5%), cebula (4%), cukier, sól, ocet spirytusowy,gorczyca, regulator kwasowości - kwas cytrynowy, mieszanka przypraw. Zawiera zawierasiarczyny"}, {"header": "Pozostałe informacje", "content": "Kraj pochodzenia:PolskaKraj pochodzenia zależy od konkretnej partii produktu jaka znajduje się w sklepie. Informację o kraju pochodzenia znajdziesz na opakowaniu. Możesz również dodać komentarz z preferowanym typem produktu w koszyku lub wiadomości dla shoppera (np. “prosze o pomidory polskie”).Nazwa wymagana prawnie:Pieczarki marynowane (pasteryzowane)"}], "images": ["data/images/8021e58dd6df0f16ca9cd09b64d9c91e.jpg"], "absolute_path": "Artykuły spożywcze/Produkty konserwowe/Warzywa i owoce konserwowe/Produkt 12"}
{"name": "Produkt 11", "url": "https://zakupy.biedronka.pl/nasza-spizarnia-nasza-spizarnia-fasola-biala-konserwowa-400-g-0000003682.html", "title": "Nasza Spiżarnia Fasola biała konserwowa 400 g", "brand": "Nasza Spiżarnia", "price": "3.09 PLN", "packaging_details": "0.24kg- 12,88 zł / kg", "description_sections": [{"header": "Opis produktu", "content": "Nutriscore:A"}, {"header": "Składniki i alergeny", "content": "Składniki:fasola biała, woda, sól.Inne informacje o zawartości produktu:Zawiera surowce GMO:Nie, \n\nPoziom znakowania Nutriscore:A"}, {"header": "Wartość odżywcza", "content": "W 100 gWartość energetyczna kcal102 kcalZawartość tłuszczów (ogólnie)0.5 gKwasy tłuszczowe nasycone0.1 gZawartość węglowodanów14 gCukry2.2 gZawartość błonnika7.5 gZawartość białek6.9 gZawartość soli0.91 g"}, {"header": "Pozostałe informacje", "content": "Producent:ZPS \"Jamar\" Szczepaniak sp.j.Dystrybutor:Jeronimo Martins Polska S.A.Żniwna 5 62-025 KostrzynImporter:Jeronimo Martins Polska S.A.Żniwna 5 62-025 Kostrzyn PLNazwa wymagana prawnie:Fasola biała konserwowa. Produkt sterylizowany."}], "images": ["data/images/5caba100d7432ffbf0ebaafdb828a484.jpg", "data/images/c3c400b0d9118a24b73a3b7820ae0c85.jpg", "data/images/637ad07e055ffab1fd49b451a2cda28c.jpg"], "absolute_path": "Artykuły spożywcze/Produkty konserwowe/Warzywa i owoce konserwowe/Produkt 11"}
{"name": "Produkt 15", "url": "https://zakupy.biedronka.pl/asia-flavours-asia-flavours-mleczko-kokosowe-400-ml-0000005041.html", "title": "Asia Flavours Mleczko kokosowe 400 ml", "brand": "Asia Flavours", "price": "4.99 PLN", "packaging_details": "0.4l- 12,48 zł / l", "description_sections": [{"header": "Składniki i alergeny", "content": "Składniki:ekstrakt z miąższu kokosa 83 %, woda, stabilizator: guma guar. Produkt może zawieraćsiarczyny"}, {"header": "Pozostałe informacje", "content": "Kraj pochodzenia:TajlandiaKraj pochodzenia zależy od konkretnej partii produktu jaka znajduje się w sklepie. Informację o kraju pochodzenia znajdziesz na opakowaniu. Możesz również dodać komentarz z preferowanym typem produktu w koszyku lub wiadomości dla shoppera (np. “prosze o pomidory polskie”).Nazwa wymagana prawnie:Ekstrakt z miąższu kokosa. Produkt sterylizowany."}], "images": ["data/images/7534310e20ab3005a71a7b7072f1b388.jpg", "data/images/257734c95065b0ae401158190e80864c.jpg", "data/images/a9f2c086b6263c607cb58f44d91ab8d6.jpg"], "absolute_path": "Artykuły spożywcze/Produkty konserwowe/Warzywa i owoce konserwowe/Produkt 15"}
{"name": "Produkt 18", "url": "https://zakupy.biedronka.pl/mutti-mutti-pomidory-bez-skory-400-g-0000006097.html", "title": "Mutti Pomidory bez skóry 400 g", "brand": "Mutti", "price": "5.99 PLN", "packaging_details": "0.26kg- 23,04 zł / kg", "description_sections": [{"header": "Opis produktu", "content": "Pomidory Pelati całe bez skórki. Dojrzałe i soczyste pomidory z południowych regionów Włoch zanurzone w aksamitnej passacie. Gwarancja 100% włoskich upraw."}, {"header": "Składniki i alergeny", "content": "Składniki:pomidory bez skórki 99,8 %, sól przecier pomidorowyInne informacje o zawartości produktu:Zawiera surowce GMO:Nie"}, {"header": "Wartość odżywcza", "content": "W 100 gWartość energetyczna kcal22 kcalZawartość tłuszczów (ogólnie)0.5 gKwasy tłuszczowe nasycone0.1 gZawartość węglowodanów3.6 gCukry2.9 gZawartość białek1.1 gZawartość soli0.1 g"}, {"header": "Pozostałe informacje", "content": "Kraj pochodzenia:WłochyKraj pochodzenia zależy od konkretnej partii produktu jaka znajduje się w sklepie. Informację o kraju pochodzenia znajdziesz na opakowaniu. Możesz również dodać komentarz z preferowanym typem produktu w koszyku lub wiadomości dla shoppera (np. “prosze o pomidory polskie”).Producent:Mutti S.p.A.,\nVia Traversetolo 28\n43022 Montechiarugolo,\nParma,\nWłochyDystrybutor:Develey Polska Sp. z o.o.Batalionu Platerówek 3 03-308 Warszawaagnieszka.marchewka@develey.plNazwa wymagana prawnie:Mutti Pomidory bez skóry 400 g - produkt pasteryzowany"}], "images": ["data/images/31c833e94e370ab77f845fe77f7fbab9.jpg"], "absolute_path": "Artykuły spożywcze/Produkty konserwowe/Warzywa i owoce konserwowe/Produkt 18"}
{"name": "Produkt 19", "url": "https://zakupy.biedronka.pl/nasza-spizarnia-nasza-spizarnia-korniszony-z-przyprawami-350-g-0000020020.html", "title": "Nasza Spiżarnia Korniszony z przyprawami 350 g", "brand": "Nasza Spiżarnia", "price": "6.29 PLN", "packaging_details": "0.19kg- 33,11 zł / kg", "description_sections": [{"header": "Opis produktu", "content": "Nutriscore:C"}, {"header": "Składniki i alergeny", "content": "Składniki:ogórki 54,29 %, woda, cukier, ocet spirytusowy, sól,gorczyca0,29 %, koper 0,29 %, pieprz czarny 0,09 %, aromat. Produkt może zawieraćsiarczyny."}, {"header": "Pozostałe informacje", "content": "Kraj pochodzenia:IndieKraj pochodzenia zależy od konkretnej partii produktu jaka znajduje się w sklepie. Informację o kraju pochodzenia znajdziesz na opakowaniu. Możesz również dodać komentarz z preferowanym typem produktu w koszyku lub wiadomości dla shoppera (np. “prosze o pomidory polskie”).Nazwa wymagana prawnie:Ogórki konserwowe z przyprawami"}], "images": ["data/images/8c5c42f3d0ea775950117e5899238503.jpg"], "absolute_path": "Artykuły spożywcze/Produkty konserwowe/Warzywa i owoce konserwowe/Produkt 19"}
{"name": "Produkt 20", "url": "https://zakupy.biedronka.pl/go-vege-go-vege-smalec-z-fasoli-z-jablkiem-i-cebulka-175-g-0000008240.html", "title": "Go Vege Smalec z fasoli z jabłkiem i cebulką 175 g", "brand": "Go Vege", "price": "4.69 PLN", "packaging_details": "0.175kg- 26,80 zł / kg", "description_sections": [{"header": "Opis produktu", "content": "Nutriscore:B"}, {"header": "Składniki i alergeny", "content": "Składniki:fasola gotowana 45,7%, cebula 38%, olej rzepakowy, jabłko suszone 1,6% (jabłko suszone, przeciwutleniacz: kwas cytrynowy), przyprawy, sól morska, ekstrakty przypraw, aromat naturalny. Produkt może zawieraćsoję,seler,gorczycę,sezam."}, {"header": "Pozostałe informacje", "content": "Nazwa wymagana prawnie:Roślinna pasta wegańska na bazie białej fasoli, z jabłkiem i cebulką, sterylizowana. Odpowiednia dla wegan."}], "images": ["data/images/a53b04251b2e8fa054fb3dc604c5c83c.jpg"], "absolute_path": "Artykuły spożywcze/Produkty konserwowe/Warzywa i owoce konserwowe/Produkt 20"}
{"name": "Produkt 16", "url": "https://zakupy.biedronka.pl/el-toro-rojo-el-toro-rojo-oliwki-zielone-drylowane-160-g-0000007949.html", "title": "El Toro Rojo Oliwki zielone drylowane 160 g", "brand": "El Toro Rojo", "price": "2.19 PLN", "packaging_details": "0.07kg- 31,29 zł / kg", "description_sections": [{"header": "Składniki i alergeny", "content": "Składniki:Oliwki bez pestek 44%, woda, sól, regulator kwasowości: kwas cytrynowy oraz kwas mlekowy, przeciwutleniacz: kwas askorbinowy. Produkt może zawierać siarczany,gorczycęiorzechy. Oliwki drylowane maszynowo i sporadycznie mogą zawierać pestki bądź ich fragmenty.Inne informacje o zawartości produktu:Zawiera surowce GMO:Nie, \n\nZawiera przeciwutleniacze:Tak, \n\nZawiera siarczyny:Tak"}, {"header": "Wartość odżywcza", "content": "W 100 gWartość energetyczna kcal82 kcalZawartość tłuszczów (ogólnie)7.6 gKwasy tłuszczowe nasycone2 gZawartość węglowodanów0 gCukry0 gZawartość błonnika3.7 gZawartość białek1.3 gZawartość soli4.9 g"}, {"header": "Pozostałe informacje", "content": "Kraj pochodzenia:HiszpaniaKraj pochodzenia zależy od konkretnej partii produktu jaka znajduje się w sklepie. Informację o kraju pochodzenia znajdziesz na opakowaniu. Możesz również dodać komentarz z preferowanym typem produktu w koszyku lub wiadomości dla shoppera (np. “prosze o pomidory polskie”).Dystrybutor:Jeronimo Martins Polska S.A.Żniwna 5 62-025 KostrzynNazwa wymagana prawnie:Oliwki zielone drylowane w zalewie"}], "images": ["data/images/ba52c373b659be313891a64268c527b0.jpg", "data/images/73ef3fb83e449dfc7ba7038becb2f357.jpg"], "absolute_path": "Artykuły spożywcze/Produkty konserwowe/Warzywa i owoce konserwowe/Produkt 16"}
{"name": "Produkt 17", "url": "https://zakupy.biedronka.pl/nasza-spizarnia-nasza-spizarnia-pomidory-suszone-z-pestkami-dyni-i-ziolami-270-g-0000001330.html", "title": "Nasza Spiżarnia Pomidory suszone z pestkami dyni i ziołami 270 g", "brand": "Nasza Spiżarnia", "price": "7.49 PLN", "packaging_details": "0.15kg- 49,93 zł / kg", "description_sections": [{"header": "Opis produktu", "content": "Nutriscore:C"}, {"header": "Składniki i alergeny", "content": "Składniki:pomidory suszone (pomidory, sól) 47,6%, olęj rzepakowy 44,4%, łuskane pestki dyni 7,2%, mieszanka ziół 0,6%, cukier.Inne informacje o zawartości produktu:Zawiera surowce GMO:Nie, \n\nPoziom znakowania Nutriscore:C"}, {"header": "Wartość odżywcza", "content": "W 100 gWartość energetyczna kcal284 kcalZawartość tłuszczów (ogólnie)21 gKwasy tłuszczowe nasycone3.3 gZawartość węglowodanów11 gCukry11 gZawartość błonnika6.7 gZawartość białek8.4 gZawartość soli2.8 g"}, {"header": "Pozostałe informacje", "content": "Producent:UrbanekDystrybutor:Bracia Urbanek sp. z o.o. (dawniej Firma Bracia Urbanek Andrzej i Jacek Urbanek  Spółka Jawna)Katarzynów 59 F 99-400 Łowiczhandel@urbanek.com.plJeronimo Martins Polska S.A.Żniwna 5 62-025 Kostrzyn PLImporter:Jeronimo Martins Polska S.A.Żniwna 5 62-025 Kostrzyn PLbok@biedronka.plNazwa wymagana prawnie:Pomidory suszone w oleju z ziołami z pestkami dyni. Produkt pasteryzowany."}], "images": ["data/images/93421541aee1efd355a258527feccdb7.jpg", "data/images/070af654fdc8f0e838b7e9614ca17527.jpg", "data/images/f00aa3b0027686239838d4b16a900687.jpg"], "absolute_path": "Artykuły spożywcze/Produkty konserwowe/Warzywa i owoce konserwowe/Produkt 17"}
{"name": "Produkt 25", "url": "https://zakupy.biedronka.pl/nasza-spizarnia-nasza-spizarnia-korniszony-z-chili-350-g-0000020019.html", "title": "Nasza Spiżarnia Korniszony z chili 350 g", "brand": "Nasza Spiżarnia", "price": "6.29 PLN", "packaging_details": "0.19kg- 33,11 zł / kg", "description_sections": [{"header": "Opis produktu", "content": "Nutriscore:C"}, {"header": "Składniki i alergeny", "content": "Składniki:ogórki 54,29 %, woda, cukier, ocet spirytusowy, sól, papryczka chili 0,86 %,gorczyca, aromat. Produkt może zawieraćsiarczyny."}, {"header": "Pozostałe informacje", "content": "Kraj pochodzenia:IndieKraj pochodzenia zależy od konkretnej partii produktu jaka znajduje się w sklepie. Informację o kraju pochodzenia znajdziesz na opakowaniu. Możesz również dodać komentarz z preferowanym typem produktu w koszyku lub wiadomości dla shoppera (np. “prosze o pomidory polskie”).Nazwa wymagana prawnie:Ogórki konserwowe z chili"}], "images": ["data/images/b04e76f4d1acf5b42a86d15afd0d86f3.jpg"], "absolute_path": "Artykuły spożywcze/Produkty konserwowe/Warzywa i owoce konserwowe/Produkt 25"}
{"name": "Produkt 21", "url": "https://zakupy.biedronka.pl/el-toro-rojo-el-toro-rojo-oliwki-zielone-drylowane-nadziewane-pasta-cytrynowa-340-g-0000007759.html", "title": "El Toro Rojo Oliwki zielone drylowane nadziewane pastą cytrynową 340 g", "brand": "El Toro Rojo", "price": "6.99 PLN", "packaging_details": "0.2kg- 34,95 zł / kg", "description_sections": [{"header": "Składniki i alergeny", "content": "Składniki:Oliwki zielone drylowane 59%, woda, pasta cytrynowa 6% (cytryny, stabilizator: alginian sodu, aromat), sól, regulator kwasowości: kwas cytrynowy, przeciwutleniacz: kwas askorbinowy. Produkt może zawieraćsiarczyny,gorczycę,orzechy,rybyimleko.Inne informacje o zawartości produktu:Zawiera surowce GMO:Nie, \n\nZawiera przeciwutleniacze:Tak"}, {"header": "Wartość odżywcza", "content": "W 100 gWartość energetyczna kcal141 kcalZawartość tłuszczów (ogólnie)14 gKwasy tłuszczowe nasycone3 gZawartość węglowodanów2.9 gCukry0.9 gZawartość błonnika2.1 gZawartość białek0.8 gZawartość soli3.1 g"}, {"header": "Pozostałe informacje", "content": "Kraj pochodzenia:HiszpaniaKraj pochodzenia zależy od konkretnej partii produktu jaka znajduje się w sklepie. Informację o kraju pochodzenia znajdziesz na opakowaniu. Możesz również dodać komentarz z preferowanym typem produktu w koszyku lub wiadomości dla shoppera (np. “prosze o pomidory polskie”).Nazwa wymagana prawnie:Oliwki zielone drylowane nadziewane pastą cytrynową. Produkt pasteryzowany."}], "images": ["data/images/f1c20b69f89d489e52b253c72629dbb7.jpg"], "absolute_path": "Artykuły spożywcze/Produkty konserwowe/Warzywa i owoce konserwowe/Produkt 21"}
{"name": "Produkt 22", "url": "https://zakupy.biedronka.pl/nasza-spizarnia-nasza-spizarnia-buraczki-tarte-420-g-0000000527.html", "title": "Nasza Spiżarnia Buraczki tarte 420 g", "brand": "Nasza Spiżarnia", "price": "3.99 PLN", "packaging_details": "0.38kg- 10,50 zł / kg", "description_sections": [{"header": "Opis produktu", "content": "Buraczki tarte 420 g Nasza Spiżarnia"}, {"header": "Składniki i alergeny", "content": "Składniki:buraki ćwikłowe, woda, ocet spirytusowy, cukier, sól.Inne informacje o zawartości produktu:Zawiera surowce GMO:Nie"}, {"header": "Wartość odżywcza", "content": "W 100 gWartość energetyczna kcal50 kcalZawartość tłuszczów (ogólnie)0.5 gKwasy tłuszczowe nasycone0.1 gZawartość węglowodanów9.7 gCukry9.7 gZawartość błonnika1.6 gZawartość białek1.3 gZawartość soli0.3 g"}, {"header": "Pozostałe informacje", "content": "Kraj pochodzenia:PolskaKraj pochodzenia zależy od konkretnej partii produktu jaka znajduje się w sklepie. Informację o kraju pochodzenia znajdziesz na opakowaniu. Możesz również dodać komentarz z preferowanym typem produktu w koszyku lub wiadomości dla shoppera (np. “prosze o pomidory polskie”).Producent:Firma Handlowa ROLNIK Spółka JawnaDystrybutor:Jeronimo Martins Polska S.A.Żniwna 5 62-025 KostrzynImporter:Jeronimo Martins Polska S.A.Żniwna 5 62-025 Kostrzyn PTNazwa wymagana prawnie:Buraki ćwikłowe marynowane tarte, wiórki. Produkt pasteryzowany."}], "images": ["data/images/cfc79b06718b7e513a47a8e67eb1ac23.jpg"], "absolute_path": "Artykuły spożywcze/Produkty konserwowe/Warzywa i owoce konserwowe/Produkt 22"}
{"name": "Produkt 23", "url": "https://zakupy.biedronka.pl/el-toro-rojo-el-toro-rojo-kapary-w-zalewie-100-g-0000007153.html", "title": "El Toro Rojo Kapary w zalewie 100 g", "brand": "El Toro Rojo", "price": "3.49 PLN", "packaging_details": "0.06kg- 58,17 zł / kg", "description_sections": [{"header": "Składniki i alergeny", "content": "Składniki:kapary 60%, woda, sól, ocet spirytusowyInne informacje o zawartości produktu:Zawiera surowce GMO:Nie"}, {"header": "Wartość odżywcza", "content": "W 100 gWartość energetyczna kcal26 kcalZawartość tłuszczów (ogólnie)0.5 gKwasy tłuszczowe nasycone0.1 gZawartość węglowodanów2.4 gCukry0.5 gZawartość błonnika3 gZawartość białek2 gZawartość soli5.6 g"}, {"header": "Pozostałe informacje", "content": "Kraj pochodzenia:HiszpaniaKraj pochodzenia zależy od konkretnej partii produktu jaka znajduje się w sklepie. Informację o kraju pochodzenia znajdziesz na opakowaniu. Możesz również dodać komentarz z preferowanym typem produktu w koszyku lub wiadomości dla shoppera (np. “prosze o pomidory polskie”).Producent:Jeronimo Martins Polska S.A.Dystrybutor:Jeronimo Martins Polska S.A.Żniwna 5 62-025 KostrzynImporter:Jeronimo Martins Polska S.A.Żniwna 5 62-025 Kostrzyn PLNazwa wymagana prawnie:Kapary w zalewie. Produkt pasteryzowany."}], "images": ["data/images/b1290705dc1b944122c86eccafdd69aa.jpg", "data/images/e42271fb86ae7a00e0dd4bb73fd8ac24.jpg"], "absolute_path": "Artykuły spożywcze/Produkty konserwowe/Warzywa i owoce konserwowe/Produkt 23"}
{"name": "Produkt 24", "url": "https://zakupy.biedronka.pl/gusto-bello-gusto-bello-pomidory-krojone-z-cebula-i-czosnkiem-400-g-0000008054.html", "title": "Gusto Bello Pomidory krojone z cebulą i czosnkiem 400 g", "brand": "Gusto Bello", "price": "3.99 PLN", "packaging_details": "0.4kg- 9,98 zł / kg", "description_sections": [{"header": "Składniki i alergeny", "content": "Składniki:Pomidory (65%), sok pomidorowy, cebula (2%), cukier, sól, czosnek (0,2%), regulator kwasowości: kwas cytrynowy.Inne informacje o zawartości produktu:Zawiera surowce GMO:Nie, \n\nInformacje szczegółowe dotyczące środków słodzących:zawiera cukier (cukry) i substancję słodzącą"}, {"header": "Wartość odżywcza", "content": "W 100 gWartość energetyczna kcal30 kcalZawartość tłuszczów (ogólnie)0.3 gKwasy tłuszczowe nasycone0.1 gZawartość węglowodanów5.2 gCukry4.9 gZawartość błonnika1.2 gZawartość białek1.1 gZawartość soli0.35 g"}, {"header": "Pozostałe informacje", "content": "Kraj pochodzenia:WłochyKraj pochodzenia zależy od konkretnej partii produktu jaka znajduje się w sklepie. Informację o kraju pochodzenia znajdziesz na opakowaniu. Możesz również dodać komentarz z preferowanym typem produktu w koszyku lub wiadomości dla shoppera (np. “prosze o pomidory polskie”).Producent:Jeronimo Martins Polska S.A.Dystrybutor:Jeronimo Martins Polska S.A.Żniwna 5 62-025 KostrzynImporter:Jeronimo Martins Polska S.A.Żniwna 5 62-025 Kostrzyn PLNazwa wymagana prawnie:Pomidory krojone z czosnkiem i cebulą w soku pomidorowym. Produkt pasteryzowany."}], "images": ["data/images/5bc06ef04163c215cff58f758321edef.jpg", "data/images/ccf31e50ef11025d42e70f2b23e00d7e.jpg", "data/images/c801c44087ad5bfd57204d0418a8b134.jpg"], "absolute_path": "Artykuły spożywcze/Produkty konserwowe/Warzywa i owoce konserwowe/Produkt 24"}
{"name": "Produkt 28", "url": "https://zakupy.biedronka.pl/nasza-spizarnia-nasza-spizarnia-ogorki-kozackie-850-g-0000017479.html", "title": "Nasza Spiżarnia Ogórki kozackie 850 g", "brand": "Nasza Spiżarnia", "price": "8.99 PLN", "packaging_details": "0.45kg- 19,98 zł / kg", "description_sections": [{"header": "Opis produktu", "content": "Nutriscore:B"}, {"header": "Składniki i alergeny", "content": "Składniki:ogórki 55 %, woda, cukier,musztarda8,3 % (woda,gorczyca, ocet, cukier, sól, przyprawy), ocet spirytusowy, papryka czerwona 0,8 %, sól, mieszanką przypraw (zawieragorczyce), barwnik: ryboflawina.Alergeny:Gorczyca i produkty pochodneInne informacje o zawartości produktu:Zawiera surowce GMO:Nie, \n\nZawiera barwniki:Tak, \n\nPoziom znakowania Nutriscore:B"}, {"header": "Wartość odżywcza", "content": "W 100 gWartość energetyczna kcal54 kcalZawartość tłuszczów (ogólnie)0.5 gKwasy tłuszczowe nasycone0.1 gZawartość węglowodanów11 gCukry11 gZawartość błonnika0.5 gZawartość białek1.3 gZawartość soli0.75 g"}, {"header": "Pozostałe informacje", "content": "Dystrybutor:Jeronimo Martins Polska S.A.Żniwna 5 62-025 Kostrzyn PLImporter:Jeronimo Martins Polska S.A.Żniwna 5 62-025 Kostrzyn PLNazwa wymagana prawnie:Ogórki konserwowe w zalewie musztardowej. Produkt pasteryzowany."}], "images": ["data/images/10bb8393bf9905b4f4a8b3347b5ef933.jpg"], "absolute_path": "Artykuły spożywcze/Produkty konserwowe/Warzywa i owoce konserwowe/Produkt 28"}
{"name": "Produkt 30", "url": "https://zakupy.biedronka.pl/nasza-spizarnia-nasza-spizarnia-ogorki-kaszubskie-850-g-0000017480.html", "title": "Nasza Spiżarnia Ogórki kaszubskie 850 g", "brand": "Nasza Spiżarnia", "price": "8.99 PLN", "packaging_details": "0.45kg- 19,98 zł / kg", "description_sections": [{"header": "Opis produktu", "content": "Nutriscore:C"}, {"header": "Składniki i alergeny", "content": "Składniki:ogórki 54,1 %, woda, ocet spirytusowy, cukier, papryka czerwona 2,9 %, sól, koper 0,7 %, cebula 0,6 %, mieszanka przypraw (zawieragorczycę)Alergeny:Gorczyca i produkty pochodneInne informacje o zawartości produktu:Zawiera surowce GMO:Nie, \n\nPoziom znakowania Nutriscore:C"}, {"header": "Wartość odżywcza", "content": "W 100 gWartość energetyczna kcal39 kcalZawartość tłuszczów (ogólnie)0.5 gKwasy tłuszczowe nasycone0.1 gZawartość węglowodanów7.6 gCukry7.6 gZawartość błonnika0.7 gZawartość białek1 gZawartość soli1.3 g"}, {"header": "Pozostałe informacje", "content": "Dystrybutor:Jeronimo Martins Polska S.A.Żniwna 5 62-025 Kostrzyn PLImporter:Jeronimo Martins Polska S.A.Żniwna 5 62-025 Kostrzyn PLNazwa wymagana prawnie:Ogórki konserwowe z papryką czerwoną i cebulą w zalewie octowej. Produkt pasteryzowany."}], "images": ["data/images/bf4c69645aae48ca284ab96d35291139.jpg"], "absolute_path": "Artykuły spożywcze/Produkty konserwowe/Warzywa i owoce konserwowe/Produkt 30"}
{"name": "Produkt 27", "url": "https://zakupy.biedronka.pl/el-toro-rojo-el-toro-rojo-oliwki-czarne-drylowane-340-g-0000000829.html", "title": "EL Toro Rojo Oliwki czarne drylowane 340 g", "brand": "El Toro Rojo", "price": "3.99 PLN", "packaging_details": "0.16kg- 24,94 zł / kg", "description_sections": [{"header": "Składniki i alergeny", "content": "Składniki:woda, oliwki (47,1%), sól, stabilizator: glukonian żelazawy.Inne informacje o zawartości produktu:Zawiera surowce GMO:Nie, \n\nDodatkowe informacje na temat produktu:Oliwki są drylowane maszynowo i sporadycznie mogą zawierać pestki bądź ich fragmenty."}, {"header": "Wartość odżywcza", "content": "W 100 gWartość energetyczna kcal125 kcalZawartość tłuszczów (ogólnie)13 gKwasy tłuszczowe nasycone2.2 gZawartość węglowodanów0 gCukry0 gZawartość błonnika3 gZawartość białek0.5 gZawartość soli1.8 g"}, {"header": "Pozostałe informacje", "content": "Kraj pochodzenia:HiszpaniaKraj pochodzenia zależy od konkretnej partii produktu jaka znajduje się w sklepie. Informację o kraju pochodzenia znajdziesz na opakowaniu. Możesz również dodać komentarz z preferowanym typem produktu w koszyku lub wiadomości dla shoppera (np. “prosze o pomidory polskie”).Producent:Jeronimo Martins Polska S.A.Dystrybutor:Jeronimo Martins Polska S.A.Żniwna 5 62-025 KostrzynImporter:Jeronimo Martins Polska S.A.Żniwna 5 62-025 Kostrzyn PLNazwa wymagana prawnie:Oliwki czarne drylowane w zalewie. Produkt pasteryzowany."}], "images": ["data/images/7a3dabbc8c4531d189a4601eb1fc5ebe.jpg"], "absolute_path": "Artykuły spożywcze/Produkty konserwowe/Warzywa i owoce konserwowe/Produkt 27"}
{"name": "Produkt 26", "url": "https://zakupy.biedronka.pl/nasza-spizarnia-nasza-spizarnia-kapusta-czerwona-z-jablkiem-680-g-0000000213.html", "title": "Nasza Spiżarnia Kapusta czerwona z jabłkiem 680 g", "brand": "Nasza Spiżarnia", "price": "4.49 PLN", "packaging_details": "0.42kg- 10,69 zł / kg", "description_sections": [{"header": "Opis produktu", "content": "Nutriscore:A"}, {"header": "Składniki i alergeny", "content": "Składniki:kapusta czerwona 61,8%, woda, przecier jabłkowy 5%,cukier, ocet spirytusowy, sól, przyprawy"}, {"header": "Pozostałe informacje", "content": "Nazwa wymagana prawnie:Kapusta czerwona z jabłkiem. Produkt pasteryzowany."}], "images": ["data/images/83f188db23cf2cf6c1b36cf1f64fdb94.jpg", "data/images/dc4dc9cf78b8cf00d22049c3a4cf6a22.jpg", "data/images/c8910718fe1fd879ed3fe7065f83a7b6.jpg"], "absolute_path": "Artykuły spożywcze/Produkty konserwowe/Warzywa i owoce konserwowe/Produkt 26"}
{"name": "Produkt 29", "url": "https://zakupy.biedronka.pl/elios-elios-oliwki-kalamata-wedzone-drewnem-debowym-340-g-0000020109.html", "title": "Elios Oliwki kalamata wędzone drewnem dębowym 340 g", "brand": "Elios", "price": "9.39 PLN", "packaging_details": "0.18kg- 52,17 zł / kg", "description_sections": [{"header": "Składniki i alergeny", "content": "Składniki:oliwki kalamata (52,9%), woda, sól morska, ocet winny. Produkt może zawieraćorzechy.Inne informacje o zawartości produktu:Zawiera surowce GMO:Nie"}, {"header": "Wartość odżywcza", "content": "W 100 gWartość energetyczna kcal267 kcalZawartość tłuszczów (ogólnie)27.4 gKwasy tłuszczowe nasycone3.4 gZawartość węglowodanów1.8 gCukry0.5 gZawartość błonnika2.5 gZawartość białek1.6 gZawartość soli3.4 g"}, {"header": "Pozostałe informacje", "content": "Kraj pochodzenia:GrecjaKraj pochodzenia zależy od konkretnej partii produktu jaka znajduje się w sklepie. Informację o kraju pochodzenia znajdziesz na opakowaniu. Możesz również dodać komentarz z preferowanym typem produktu w koszyku lub wiadomości dla shoppera (np. “prosze o pomidory polskie”).Dystrybutor:Jeronimo Martins Polska S.A.Żniwna 5 62-025 Kostrzyn PLImporter:Jeronimo Martins Polska S.A.Żniwna 5 62-025 Kostrzyn PLNazwa wymagana prawnie:Wędzone oliwki kalamata w zalewie. Produkt pasteryzowany."}], "images": ["data/images/0999bce71c4537ce9ec7fd6234374276.jpg"], "absolute_path": "Artykuły spożywcze/Produkty konserwowe/Warzywa i owoce konserwowe/Produkt 29"}
{"name": "Produkt 34", "url": "https://zakupy.biedronka.pl/real-thai-real-thai-mleczko-kokosowe-uht-500-ml-0000008460.html", "title": "Real Thai Mleczko kokosowe UHT 500 ml", "brand": "Real Thai", "price": "9.99 PLN", "packaging_details": "0.5l- 19,98 zł / l", "description_sections": [{"header": "Opis produktu", "content": "składnik zup tajskich; skladnik drinków"}, {"header": "Składniki i alergeny", "content": "Składniki:ekstrakt kokosowy 85%, wodaInne informacje o zawartości produktu:Zawiera surowce GMO:Nie"}, {"header": "Wartość odżywcza", "content": "W 100 mlWartość energetyczna kcal185 kcalZawartość tłuszczów (ogólnie)19 gKwasy tłuszczowe nasycone17 gZawartość węglowodanów2 gCukry2 gZawartość białek1.6 gZawartość soli0.05 g"}, {"header": "Pozostałe informacje", "content": "Kraj pochodzenia:TajlandiaKraj pochodzenia zależy od konkretnej partii produktu jaka znajduje się w sklepie. Informację o kraju pochodzenia znajdziesz na opakowaniu. Możesz również dodać komentarz z preferowanym typem produktu w koszyku lub wiadomości dla shoppera (np. “prosze o pomidory polskie”).Producent:Real ThaiDystrybutor:Kuchnie Świata S.A.Gdańska 34 05-152 Czosnówbok.detal@kuchnieswiata.com.plImporter:Kuchnie Świata S.A.Gdańska 34 05-152 Czosnów PLbok.detal@kuchnieswiata.com.plNazwa wymagana prawnie:Mleczko kokosowe 500ml"}], "images": ["data/images/d1929aba695345c36285623a66d29573.jpg"], "absolute_path": "Artykuły spożywcze/Produkty konserwowe/Warzywa i owoce konserwowe/Produkt 34"}
{"name": "Produkt 33", "url": "https://zakupy.biedronka.pl/nasza-spizarnia-nasza-spizarnia-buraczki-zasmazane-510-g-0000002945.html", "title": "Nasza Spiżarnia Buraczki zasmażane 510 g", "brand": "Nasza Spiżarnia", "price": "3.85 PLN", "packaging_details": "0.51kg- 7,55 zł / kg", "description_sections": [{"header": "Opis produktu", "content": "Nasza Spiżarnia Buraczki zasmażane z cebulą 510 g"}, {"header": "Składniki i alergeny", "content": "Składniki:buraki ćwikłowe 63%, woda, cukier, ocet spirytusowy, cebula smażona 3% (cebula, olej rzepakowy, mąkapszenna, sól), substancja zagęszczająca - E 1422, sól, olej rzepakowy, pieprz czarny."}, {"header": "Pozostałe informacje", "content": "Kraj pochodzenia:PolskaKraj pochodzenia zależy od konkretnej partii produktu jaka znajduje się w sklepie. Informację o kraju pochodzenia znajdziesz na opakowaniu. Możesz również dodać komentarz z preferowanym typem produktu w koszyku lub wiadomości dla shoppera (np. “prosze o pomidory polskie”).Nazwa wymagana prawnie:Buraki wiórki zasmażane marynowane z cebulą. Produkt pasteryzowany."}], "images": ["data/images/39b7c94cf92c117ef4ff427d77e3c8df.jpg"], "absolute_path": "Artykuły spożywcze/Produkty konserwowe/Warzywa i owoce konserwowe/Produkt 33"}
{"name": "Produkt 35", "url": "https://zakupy.biedronka.pl/elios-elios-papryczki-pikantne-nadziewane-serem-270-g-0000007962.html", "title": "Elios Papryczki pikantne nadziewane serem 270 g", "brand": "Elios", "price": "9.99 PLN", "packaging_details": "0.15kg- 66,60 zł / kg", "description_sections": [{"header": "Składniki i alergeny", "content": "Składniki:olej rzepakowy 44,44%, mix 30,56% [serśmietankowy (mlekopasteryzowane, sól, podpuszczka, bakterie kwasu mlekowego),serserwatkowy (mlekoowcze,mlekokozie, sól),serfeta (mlekoowcze,mlekokozie, sól, podpuszczka, bakterie kwasu mlekowego), skrobia kukurydziana, sól, kwas: kwas mlekowy], czerwone papryczki 25% (papryczki, sól, regulator kwasowości: kwas cytrynowy; substancja wiążąca: chlorek wapnia)Alergeny:Mleko i produkty pochodne (łącznie z laktozą)Inne informacje o zawartości produktu:Zawiera surowce GMO:Nie, \n\nDodatki zawarte w produkcie (E-symbole):E270 Kwas mlekowy, E330 Kwas cytrynowy, E509 Chlorek wapnia, \n\nFunkcje dodatków obecnych w produkcie (zadeklarowanych jako dodatki lub numery E):Kwas, Regulator kwasowości, Substancja wiążąca (teksturotwórcza)"}, {"header": "Wartość odżywcza", "content": "W 100 gWartość energetyczna kcal133 kcalZawartość tłuszczów (ogólnie)10 gKwasy tłuszczowe nasycone5.2 gZawartość węglowodanów3.7 gCukry1 gZawartość błonnika1.4 gZawartość białek5.4 gZawartość soli1.4 g"}, {"header": "Pozostałe informacje", "content": "Kraj pochodzenia:GrecjaKraj pochodzenia zależy od konkretnej partii produktu jaka znajduje się w sklepie. Informację o kraju pochodzenia znajdziesz na opakowaniu. Możesz również dodać komentarz z preferowanym typem produktu w koszyku lub wiadomości dla shoppera (np. “prosze o pomidory polskie”).Producent:Jeronimo Martins Polska S.A.Dystrybutor:Jeronimo Martins Polska S.A.Żniwna 5 62-025 KostrzynImporter:Jeronimo Martins Polska S.A.Żniwna 5 62-025 Kostrzyn PLNazwa wymagana prawnie:Pikantne czerwone papryczki nadziewane serem, w oleju. Produkt pasteryzowany."}], "images": ["data/images/a1814cfafa1fd57d6bcede54a5566f07.jpg", "data/images/389fd93acdbab86cbdc23f29846a49ec.jpg", "data/images/81da7a70fc3d6da302500ceae1049cca.jpg"], "absolute_path": "Artykuły spożywcze/Produkty konserwowe/Warzywa i owoce konserwowe/Produkt 35"}
{"name": "Produkt 31", "url": "https://zakupy.biedronka.pl/go-vege-go-vege-paprykarz-warzywny-z-kasza-jaglana-180-g-0000008239.html", "title": "Go Vege Paprykarz warzywny z kaszą jaglaną 180 g", "brand": "Go Vege", "price": "4.69 PLN", "packaging_details": "0.18kg- 26,80 zł / kg", "description_sections": [{"header": "Opis produktu", "content": "Nutriscore:A"}, {"header": "Składniki i alergeny", "content": "Składniki:warzywa 65% (papryka czerwona 26%, cebula 16%, marchew, pietruszka,seler), kasza jaglana gotowana 14%, soczewica czerwona gotowana, olej rzepakowy, woda, koncentrat pomidorowy, ocet z wina białego, cukier trzcinowy, przyprawy, ekstrakty przypraw, aromaty naturalne, sól morska. Produkt może zawieraćsoję,gorczycę,sezam.Alergeny:Seler i produkty pochodneInne informacje o zawartości produktu:Zawiera surowce GMO:Nie, \n\nZawiera aromaty:Tak, \n\nPoziom znakowania Nutriscore:A, \n\nDodatkowe informacje na temat produktu:Charakterystyczna dla wyrobu ciemniejsza warstwa pod wieczkiem, nie wpływa na jakość produktu."}, {"header": "Wartość odżywcza", "content": "W 100 gWartość energetyczna kcal132 kcalZawartość tłuszczów (ogólnie)5.8 gKwasy tłuszczowe nasycone0.5 gZawartość węglowodanów14 gCukry5.8 gZawartość błonnika3.1 gZawartość białek4.3 gZawartość soli1.6 g"}, {"header": "Pozostałe informacje", "content": "Dystrybutor:Jeronimo Martins Polska S.A.Żniwna 5 62-025 KostrzynNazwa wymagana prawnie:Paprykarz wegański z kaszą jaglaną, pasteryzowany. Odpowiedni dla wegan."}], "images": ["data/images/b64e3f11c8f2c10a6b425a5c18d86720.jpg", "data/images/1cbac6a2f600443f8682655528caae0c.jpg", "data/images/553f64d76b3552f8f8800ca3ee02a382.jpg"], "absolute_path": "Artykuły spożywcze/Produkty konserwowe/Warzywa i owoce konserwowe/Produkt 31"}
{"name": "Produkt 32", "url": "https://zakupy.biedronka.pl/elios-elios-papryczki-pikantne-nadziewane-serem-270-g-0000007961.html", "title": "Elios Papryczki pikantne nadziewane serem 270 g", "brand": "Elios", "price": "9.99 PLN", "packaging_details": "0.15kg- 66,60 zł / kg", "description_sections": [{"header": "Składniki i alergeny", "content": "Składniki:olej rzepakowy 44,44%, mix 30,56% [serśmietankowy (mlekopasteryzowane, sól, podpuszczka, bakterie kwasu mlekowego),serserwatkowy (mlekoowcze,mlekokozie, sól),serfeta (mlekoowcze,mlekokozie, sól, podpuszczka, bakterie kwasu mlekowego), skrobia kukurydziana, sól, kwas: kwas mlekowy], zielone papryczki 25% (papryczki, sól, regulator kwasowości: kwas cytrynowy)Alergeny:Mleko i produkty pochodne (łącznie z laktozą)Inne informacje o zawartości produktu:Zawiera surowce GMO:Nie, \n\nDodatki zawarte w produkcie (E-symbole):E270 Kwas mlekowy, E330 Kwas cytrynowy, \n\nFunkcje dodatków obecnych w produkcie (zadeklarowanych jako dodatki lub numery E):Kwas, Regulator kwasowości"}, {"header": "Wartość odżywcza", "content": "W 100 gWartość energetyczna kcal141 kcalZawartość tłuszczów (ogólnie)11 gKwasy tłuszczowe nasycone5 gZawartość węglowodanów4.9 gCukry1.1 gZawartość błonnika1.3 gZawartość białek5 gZawartość soli2.4 g"}, {"header": "Pozostałe informacje", "content": "Kraj pochodzenia:GrecjaKraj pochodzenia zależy od konkretnej partii produktu jaka znajduje się w sklepie. Informację o kraju pochodzenia znajdziesz na opakowaniu. Możesz również dodać komentarz z preferowanym typem produktu w koszyku lub wiadomości dla shoppera (np. “prosze o pomidory polskie”).Producent:Jeronimo Martins Polska S.A.Dystrybutor:Jeronimo Martins Polska S.A.Żniwna 5 62-025 KostrzynImporter:Jeronimo Martins Polska S.A.Żniwna 5 62-025 Kostrzyn PLNazwa wymagana prawnie:Pikantne zielone papryczki nadziewane serem, w oleju. Produkt pasteryzowany."}], "images": ["data/images/a51e3a28add195141ba0ab4d913c9c8b.jpg", "data/images/8d81f1d39ddb93ca380a5510a501a942.jpg", "data/images/d5fe17cb71607e98ddd4f0cbc566e1e6.jpg"], "absolute_path": "Artykuły spożywcze/Produkty konserwowe/Warzywa i owoce konserwowe/Produkt 32"}
{"name": "Produkt 1", "url": "https://zakupy.biedronka.pl/pringles-pringles-chipsy-original-165-g-0000009042.html", "title": "Pringles Chipsy Original 165 g", "brand": "Pringles", "price": "10.99 PLN", "packaging_details": "0.165kg- 66,61 zł / kg", "description_sections": [{"header": "Składniki i alergeny", "content": "Składniki:rozdrobnione płatki ziemniaczane,olej słonecznikowy,skrobiapszenna,mąka kukurydziana,mąka ryżowa,maltodekstryna,emulgator (E471),sól,barwnik (annato norbiksyna)Alergeny:Zawiera PszenicaInne informacje o zawartości produktu:Barwniki:Zawiera"}, {"header": "Wartość odżywcza", "content": "W 100 gWartość energetyczna534 kcalTłuszcz31 gw tym kwasy tłuszczowe nasycone2.8 gWęglowodany56 gw tym cukry1.2 gBłonnik3.5 gBiałko5.9 gSól1.1 g"}, {"header": "Pozostałe informacje", "content": "Producent:Kellogg CoDystrybutor:ORBICO Sp. z o.o.ul. Wołoska 5 02-675 Warszawa +48 32 325 60 00Importer:Orbico sp. z o.o.Salsy 2 02-823 Warszawa PLaleksandra.klusak@orbico.comNazwa wymagana prawnie:Chrupki. Pikantny produkt piekarski."}], "images": ["data/images/ee1a479e2e22e5a6a1831ba581f6d472.jpg"], "absolute_path": "Artykuły spożywcze/Przekąski/Chipsy/Produkt 1"}
{"name": "Produkt 36", "url": "https://zakupy.biedronka.pl/el-toro-rojo-el-toro-rojo-oliwki-zielone-drylowane-340-g-0000000828.html", "title": "EL Toro Rojo Oliwki zielone drylowane 340 g", "brand": "El Toro Rojo", "price": "3.99 PLN", "packaging_details": "0.17kg- 24,94 zł / kg", "description_sections": [{"header": "Składniki i alergeny", "content": "Składniki:oliwki (50%), woda, sól, regulator kwasowości: kwas mlekowy.Inne informacje o zawartości produktu:Zawiera surowce GMO:Nie, \n\nDodatkowe informacje na temat produktu:Oliwki są drylowane maszynowo i sporadycznie mogą zawierać pestki bądź ich fragmenty"}, {"header": "Wartość odżywcza", "content": "W 100 gWartość energetyczna kcal144 kcalZawartość tłuszczów (ogólnie)15 gKwasy tłuszczowe nasycone2 gZawartość węglowodanów0 gCukry0 gZawartość błonnika2.8 gZawartość białek0.9 gZawartość soli3.7 g"}, {"header": "Pozostałe informacje", "content": "Kraj pochodzenia:HiszpaniaKraj pochodzenia zależy od konkretnej partii produktu jaka znajduje się w sklepie. Informację o kraju pochodzenia znajdziesz na opakowaniu. Możesz również dodać komentarz z preferowanym typem produktu w koszyku lub wiadomości dla shoppera (np. “prosze o pomidory polskie”).Producent:Jeronimo Martins Polska S.A.Dystrybutor:Jeronimo Martins Polska S.A.Żniwna 5 62-025 KostrzynImporter:Jeronimo Martins Polska S.A.Żniwna 5 62-025 Kostrzyn PLNazwa wymagana prawnie:Oliwki zielone drylowane w zalewie. Produkt pasteryzowany"}], "images": ["data/images/514ec86cebaef2608d0ab7d83080f21d.jpg"], "absolute_path": "Artykuły spożywcze/Produkty konserwowe/Warzywa i owoce konserwowe/Produkt 36"}
{"name": "Produkt 1", "url": "https://zakupy.biedronka.pl/asia-flavours-asia-flavours-sushi-nori-algi-morskie-16-g-0000007073.html", "title": "Asia Flavours Sushi Nori algi morskie 16 g", "brand": "Asia Flavours", "price": "5.19 PLN", "packaging_details": "0.016kg- 324,38 zł / kg", "description_sections": [{"header": "Opis produktu", "content": "Liście alg morskich Asia Flavours to niezastąpiony składnik każdego dobrze wykonanego sushi. Mogą być uzupełnieniem sałatek, a także dobrze łączą się z azjatyckimi makaronami. Cenione ze względu na wyjątkowo pyszny smak."}, {"header": "Składniki i alergeny", "content": "Składniki:prażone liście alg morskich 100%Inne informacje o zawartości produktu:Zawiera surowce GMO:Nie"}, {"header": "Wartość odżywcza", "content": "W 100 gWartość energetyczna kcal353 kcalZawartość tłuszczów (ogólnie)2.2 gKwasy tłuszczowe nasycone0.9 gZawartość węglowodanów40 gCukry0 gZawartość białek43 gZawartość soli1.6 gWitaminy i składniki mineralnew 100 g% RWS w 100 gJod3164 μg2109%"}, {"header": "Pozostałe informacje", "content": "Kraj pochodzenia:Korea PołudniowaKraj pochodzenia zależy od konkretnej partii produktu jaka znajduje się w sklepie. Informację o kraju pochodzenia znajdziesz na opakowaniu. Możesz również dodać komentarz z preferowanym typem produktu w koszyku lub wiadomości dla shoppera (np. “prosze o pomidory polskie”).Producent:Vershold Poland Sp. z o.o.Dystrybutor:Jeronimo Martins Polska S.A.Żniwna 5 62-025 KostrzynImporter:Jeronimo Martins Polska S.A.Żniwna 5 62-025 Kostrzyn PLNazwa wymagana prawnie:Prażone, prasowane liście alg morskich"}], "images": ["data/images/de146ea875c76d6cea38a64a0f8132e0.jpg"], "absolute_path": "Artykuły spożywcze/Sushi/Produkt 1"}
{"name": "Produkt 2", "url": "https://zakupy.biedronka.pl/przysnacki-przysnacki-prazynki-solone-110-g-0000005039.html", "title": "Przysnacki Prażynki solone 110 g", "brand": "Przysnacki", "price": "6.49 PLN", "packaging_details": "0.11kg- 59,00 zł / kg", "description_sections": [{"header": "Składniki i alergeny", "content": "Składniki:skrobia ziemniaczana (58%),olej słonecznikowy (28%),ziemniaki w proszku (11%),sól (2%),olej rzepakowyAlergeny:Może zawierać Zboża zawierające gluten, \n\nMoże zawierać Mleko, \n\nMoże zawierać Soja"}, {"header": "Wartość odżywcza", "content": "W 100 gWartość energetyczna520 kcalTłuszcz30 gw tym kwasy tłuszczowe nasycone2.3 gWęglowodany60 gw tym cukry0.5 gBłonnik0.8 gBiałko1.3 gSól2 g"}, {"header": "Pozostałe informacje", "content": "Producent:Intersnack Poland Sp. z o.o.\nNiedźwiedź 64\n32-090 SłomnikiNazwa wymagana prawnie:Przekąski ziemniaczane solone."}], "images": ["data/images/45ee4d940e997d1f5edf055928334b52.jpg", "data/images/bb23e383dd09b72ad9238eeb9aed04a2.jpg"], "absolute_path": "Artykuły spożywcze/Przekąski/Chipsy/Produkt 2"}
{"name": "Produkt 2", "url": "https://zakupy.biedronka.pl/marinero-marinero-sushi-9-kawalkow-2x-california-roll-3x-hoso-maki-4x-foto-maki-230-g-0000004357.html", "title": "Marinero Sushi 9 kawałków (2x California Roll, 3x Hoso Maki, 4x Foto Maki) 230 g", "brand": "Marinero", "price": "10.49 PLN", "packaging_details": "0.23kg- 45,61 zł / kg", "description_sections": [{"header": "Składniki i alergeny", "content": "Składniki:63,4% gotowany ryż w zalewie (woda, ryż, cukier, olej rzepakowy, ocet spirytusowy, sól, regulator kwasowości: octan sodu; alkohol), 5,7% pasta z rozdrobnionegołososiapieczonego [84,5% rozdrobnionyłosośatlantycki pieczony. substancja zagęszczająca: celuloza; ocet spirytusowy, cukier, sól, przyprawy, naturalne aromaty imbiru i czosnku], 5,3%łosośwędzony (łosośatlantycki, sól), 5,0% sossojowy(woda, nasionasoi,pszenica, sól), 4,3% imbir marynowany (66,7% imbir, woda, sól, regulatory kwasowości: kwas octowy, kwas cytrynowy, wzmacniacz smaku: glutaminian monosodowy; substancje słodzące: acesulfam K, sukraloza, sacharynian sodu), 3,1% marchew marynowana [marchew, cukier, woda, sossojowy(woda, nasionasoi,pszenica, sól), alkohol, ryż, sól], 3,0% paluszki surimi [48% mięsoryb, woda, skrobiapszenna, cukier, sól, naturalny aromat (zawieraskorupiaki), olej rzepakowy, białkojajaw proszku, barwnik: ekstrakt papryki], 2,2% pasta chrzanowa o smaku wasabi [woda, 16% chrzan w proszku, błonnik grochowy,gorczycaw proszku, sól, cukier 0,1%, wasabi w proszku, barwniki: kurkumina, kompleksy miedziowe chlorofili i chlorofilin; naturalny aromaty (papryki igorczycy)], 1,8% rzodkiew marynowana (rzodkiew, woda, cukier, sól, kurkuma, alkohol, ryż), 1,8% ogórek, 0,9% prażone nasionasezamubiałego, 0,9% nasionasezamuczarnego, 0,9% sos majonezowo-imbirowy [87%majonez(olej rzepakowy, woda, żółtkojajaw proszku, ocet spirytusowy, mączka zgorczycy, cukier, sól, przyprawy), 13% imbir marynowany (66,7% imbir, woda, sól, regulatory kwasowości: kwas octowy, kwas cytrynowy; wzmacniacz smaku: glutaminian monosodowy; substancje słodzące: acesulfam K, sukraloza, sacharynian sodu)], 0,9% kapusta kiszona kimchi (90% kapusta pekińska, sól, cukier, papryka suszona, przyprawy, algi morskie prażone nori. Może zawierać:seler,mleko,mięczaki, orzeszkiarachidowei inneorzechy. Pomimo najwyższej staranności przy oczyszczaniu surowców rybnych produkt może zawierać pojedyncze ości lub ich fragmenty."}, {"header": "Przechowywanie i sposób przygotowania", "content": "Sposób podania:Zaleca się wyjąć z lodówki na 15 minut przed spożyciem."}, {"header": "Pozostałe informacje", "content": "Kraj pochodzenia:PolskaKraj pochodzenia zależy od konkretnej partii produktu jaka znajduje się w sklepie. Informację o kraju pochodzenia znajdziesz na opakowaniu. Możesz również dodać komentarz z preferowanym typem produktu w koszyku lub wiadomości dla shoppera (np. “prosze o pomidory polskie”).Nazwa wymagana prawnie:Zestaw sushi z sosem sojowym i imbirem marynowanym oraz pastą chrzanową o smaku wasabi. 4 x futomaki: 2 z paluszkiem z surimi, marchwią marynowaną, rzodkwią marynowaną i z sosem majonezowo-imbirowym, 2 z łososiem wędzonym, marchwią marynowaną i ogórkiem; 2 x california roll z pastą z rozdrobnionego łososia pieczonego, kapustą kiszoną kimchi, z prażonymi nasionami sezamu białego oraz nasionami sezamu czarnego; 3 x hosomaki: 1 z marchwią marynowaną, 1 z rzodkwią marynowaną, 1 z ogórkiem"}], "images": ["data/images/b0365c04f5e1d529494292c58005e324.jpg", "data/images/308ed7fab7a1ce9a1355aeb8a0a4b62e.jpg"], "absolute_path": "Artykuły spożywcze/Sushi/Produkt 2"}
{"name": "Produkt 5", "url": "https://zakupy.biedronka.pl/top-top-tortilla-chipsy-kukurydziane-smak-ser-150-g-0000011017.html", "title": "Top Tortilla Chipsy kukurydziane smak ser 150 g", "brand": "Top", "price": "3.99 PLN", "packaging_details": "0.15kg- 26,60 zł / kg", "description_sections": [{"header": "Składniki i alergeny", "content": "Składniki:kukurydza 72% (bez GMO), olej słonecznikowy, serwatka w proszku (zmleka),laktoza(zmleka), naturalne aromaty (zmleka), sól,serw proszku 0,9% (zmleka), przyprawy, cukier, kwas: kwas cytrynowy. Produkt może zawierać: zboża zawierające gluten (pszenica) orazsoję.Alergeny:Mleko i produkty pochodne (łącznie z laktozą)Inne informacje o zawartości produktu:Zawiera surowce GMO:Nie, \n\nZawiera aromaty:Tak"}, {"header": "Wartość odżywcza", "content": "W 100 gWartość energetyczna kcal469 kcalZawartość tłuszczów (ogólnie)22 gKwasy tłuszczowe nasycone1.5 gZawartość węglowodanów58 gCukry3 gZawartość błonnika5.4 gZawartość białek7.4 gZawartość soli1.3 g"}, {"header": "Pozostałe informacje", "content": "Dystrybutor:Jeronimo Martins Polska S.A.Żniwna 5 62-025 Kostrzyn PLImporter:Jeronimo Martins Polska S.A.Żniwna 5 62-025 Kostrzyn PLNazwa wymagana prawnie:Chipsy tortilla o smaku sera"}], "images": ["data/images/7233784d246d4ec63c941ac6387815ca.jpg"], "absolute_path": "Artykuły spożywcze/Przekąski/Chipsy/Produkt 5"}
{"name": "Produkt 6", "url": "https://zakupy.biedronka.pl/top-top-chrupki-solone-150-g-0000010560.html", "title": "Top Chrupki solone 150 g", "brand": "Top", "price": "5.15 PLN", "packaging_details": "0.15kg- 34,33 zł / kg", "description_sections": [{"header": "Opis produktu", "content": "Tajemnica wyjątkowego smaku chipsów Top kryje się w specjalnie dobranej recepturze. Oleje roślinne jak i starannie wyselekcjonowane ziemniaki sprawiają, że chipsy są chrupiące i złociste. Chrup je z całą paczką przyjaciół i wybierz swój smak na topie.Nutriscore:C"}, {"header": "Składniki i alergeny", "content": "Składniki:ziemniaki, oleje roślinne (słonecznikowy, rzepakowy w zmiennych proporcjach), sól (1,1%). Produkt może zawierać zboża zawierające gluten imleko.Inne informacje o zawartości produktu:Zawiera surowce GMO:Nie, \n\nPoziom znakowania Nutriscore:C"}, {"header": "Wartość odżywcza", "content": "W 100 gWartość energetyczna kcal542 kcalZawartość tłuszczów (ogólnie)35 gKwasy tłuszczowe nasycone2.9 gZawartość węglowodanów49 gCukry0.6 gZawartość błonnika4.4 gZawartość białek5.6 gZawartość soli1.1 g"}, {"header": "Pozostałe informacje", "content": "Dystrybutor:Jeronimo Martins Polska S.A.Żniwna 5 62-025 Kostrzyn PLImporter:Jeronimo Martins Polska S.A.Żniwna 5 62-025 Kostrzyn PLNazwa wymagana prawnie:Chrupki ziemniaczane solone"}], "images": ["data/images/daea7cc96b7e8e4d78a165908287fc18.jpg"], "absolute_path": "Artykuły spożywcze/Przekąski/Chipsy/Produkt 6"}
{"name": "Produkt 4", "url": "https://zakupy.biedronka.pl/top-top-chipsy-smak-zielona-cebulka-150-g-0000010548.html", "title": "Top Chipsy smak zielona cebulka 150 g", "brand": "Top", "price": "5.15 PLN", "packaging_details": "0.15kg- 34,33 zł / kg", "description_sections": [{"header": "Opis produktu", "content": "Tajemnica wyjątkowego smaku chipsów Top kryje się w specjalnie dobranej recepturze. Oleje roślinne jak i starannie wyselekcjonowane ziemniaki sprawiają, że chipsy są chrupiące i złociste. Chrup je z całą paczką przyjaciół i wybierz swój smak na topie.Nutriscore:C"}, {"header": "Składniki i alergeny", "content": "Składniki:ziemniaki, oleje roślinne (słonecznikowy, rzepakowy w zmiennych proporcjach), słodka serwatka w proszku (zmleka), cukier, cebula w proszku (0,9%), sól, aromat, regulatory kwasowości: fosforany wapnia, kwas cytrynowy; maltodekstryna,serw proszku (zmleka), zielona cebulka w proszku, barwnik: kurkumina. Produkt może zawierać zboża zawierające gluten.Alergeny:Mleko i produkty pochodne (łącznie z laktozą)Inne informacje o zawartości produktu:Zawiera surowce GMO:Nie, \n\nZawiera wzmacniacze smaku:Nie, \n\nZawiera barwniki:Tak, \n\nZawiera aromaty:Tak, \n\nPoziom znakowania Nutriscore:C"}, {"header": "Wartość odżywcza", "content": "W 100 gWartość energetyczna kcal542 kcalZawartość tłuszczów (ogólnie)35 gKwasy tłuszczowe nasycone2.9 gZawartość węglowodanów49 gCukry3.5 gZawartość błonnika4.2 gZawartość białek5.7 gZawartość soli0.95 g"}, {"header": "Pozostałe informacje", "content": "Dystrybutor:Jeronimo Martins Polska S.A.Żniwna 5 62-025 Kostrzyn PLImporter:Jeronimo Martins Polska S.A.Żniwna 5 62-025 Kostrzyn PLNazwa wymagana prawnie:Chipsy ziemniaczane o smaku zielonej cebulki"}], "images": ["data/images/0f634dfe8d3c7678c122a47a49c1f25e.jpg"], "absolute_path": "Artykuły spożywcze/Przekąski/Chipsy/Produkt 4"}
{"name": "Produkt 7", "url": "https://zakupy.biedronka.pl/top-top-tortilla-chipsy-kukurydziane-solone-150-g-0000001742.html", "title": "Top Tortilla Chipsy kukurydziane solone 150 g", "brand": "Top", "price": "3.99 PLN", "packaging_details": "0.15kg- 26,60 zł / kg", "description_sections": [{"header": "Opis produktu", "content": "Tajemnica wyjątkowego smaku produktów Top kryje się w specjalnie dobranej recepturze. Chrup je z całą paczką przyjaciół i wybierz swój smak na topie."}, {"header": "Składniki i alergeny", "content": "Składniki:Mąka kukurydziana 76% (bez GMO), olej słonecznikowy, sól 1,2%. Produkt może zawierać: gluten,soję,mleko.Inne informacje o zawartości produktu:Zawiera surowce GMO:Nie"}, {"header": "Wartość odżywcza", "content": "W 100 gWartość energetyczna kcal494 kcalZawartość tłuszczów (ogólnie)25 gKwasy tłuszczowe nasycone2.3 gZawartość węglowodanów59 gCukry2.5 gZawartość błonnika5.2 gZawartość białek5.9 gZawartość soli1.2 g"}, {"header": "Pozostałe informacje", "content": "Producent:Dijo Baking Sp. z o.o.Dystrybutor:Jeronimo Martins Polska S.A.Żniwna 5 62-025 KostrzynImporter:Jeronimo Martins Polska S.A.Żniwna 5 62-025 Kostrzyn PLNazwa wymagana prawnie:Chipsy tortilla solone"}], "images": ["data/images/3173657ea2a164e5d1cf551d2bc47469.jpg", "data/images/04f96e9e460da4086f948311186be112.jpg"], "absolute_path": "Artykuły spożywcze/Przekąski/Chipsy/Produkt 7"}
{"name": "Produkt 3", "url": "https://zakupy.biedronka.pl/lays-lays-max-strong-chipsy-ziemniaczane-karbowane-o-smaku-ostrego-chilli-i-limonki-120-g-0000016924.html", "title": "Lay's Max Strong Chipsy ziemniaczane karbowane o smaku ostrego chilli i limonki 120 g", "brand": "Lay's", "price": "8.29 PLN", "packaging_details": "0.12kg- 69,08 zł / kg", "description_sections": [{"header": "Opis produktu", "content": "Lay’s Max karbowane to o wiele więcej niż zwykłe płaskie chipsy. Są grubsze i mocniej chrupią, więc dają więcej satysfakcji i mniej się kruszą. Ich wyjątkowa struktura sprawia, że w każdym chrupnięciu odczujesz najintensywniejszy smak Lay’s strong. Oleje roślinne, na których smażymy nasze chipsy, dodatkowo podkreślają ich wyjątkowy smak i teksturę.Chipsy Lay's Max Strong o smaku chilli i limonki to wyjątkowe połączenie intensywnego smaku chili z odświeżającą nutą limonki, które podkręci zmysły fanów pikantnych smaków. Lay’s karbowane Max są gotowe do zjedzenia prosto z paczki, idealne na każdą okazję, gdy najdzie Cię ochota na coś smakowitego i chrupiącego. Pamiętaj, że są bardzo ostre! Odważ się ich spróbować, a gwarantujemy, że nie pożałujesz swojego wyboru.Dostępne w poręcznych opakowaniach 120 g, 190 g i 250 g, chipsy ziemniaczane Lay’s Strong o smaku chilli i limonki to doskonały wybór dla każdego miłośnika intensywnych smaków i chrupiących przekąsek. Odkryj szeroki wybór smaków i wariantów chipsów karbowanych Lay's Max i ciesz się niezapomnianymi doznaniami smakowymi!Subrand:Max"}, {"header": "Składniki i alergeny", "content": "Składniki:ziemniaki,oleje roślinne (kukurydziany, słonecznikowy, rzepakowy w zmiennych proporcjach),glukoza,sól,mąka ryżowa,aromaty,cebula,cukier,pieprz cayenne,kmin rzymski,czosnek,ostra papryka,kwas (kwas cytrynowy),kakao w proszku o obniżonej zawartości tłuszczu,chlorek potasu,czarny pieprz,barwnik (ekstrakt z papryki)Inne informacje o zawartości produktu:Barwniki:Zawiera, \n\nSmaki / Aromaty:Zawiera"}, {"header": "Wartość odżywcza", "content": "W 100 gWartość energetyczna517 kcalTłuszcz30 gw tym kwasy tłuszczowe nasycone3.1 gWęglowodany52 gw tym cukry2.1 gBłonnik4.6 gBiałko6.8 gSól1.2 g"}, {"header": "Pozostałe informacje", "content": "Producent:Frito Lay Poland Sp. z o.o.,\nul. Zachodnia 1,\n05-825 Grodzisk Mazowiecki,\nPolskaNazwa wymagana prawnie:Chipsy ziemniaczane karbowane o smaku ostrego chilli i limonki."}], "images": ["data/images/6ebea6cbb69d17028a0468d959c5d9c9.jpg"], "absolute_path": "Artykuły spożywcze/Przekąski/Chipsy/Produkt 3"}
{"name": "Produkt 12", "url": "https://zakupy.biedronka.pl/7-days-7-days-bake-rolls-pizza-150-g-0000006307.html", "title": "7 Days Bake Rolls Pizza 150 g", "brand": "7 Days", "price": "6.49 PLN", "packaging_details": "0.15kg- 43,27 zł / kg", "description_sections": [{"header": "Opis produktu", "content": "Chrupki chlebowe o smaku pizzy"}, {"header": "Składniki i alergeny", "content": "Składniki:mąkapszenna, olej palmowy, preparat przyprawowy o smaku pizzy 4% [pomidory suszone, naturalny aromat, dekstroza, cebula suszona,laktoza(zmleka), suszone zioła, oregano,serw proszku, regulator kwasowości (kwas cytrynowy), pieprz cayenne, olej rzepakowy, barwniki (ekstrakt z papki), aromat dymu wędzarniczego], sól, drożdże, cukier, mąka z fasoli, emulgator (stearoilomleczan sodu), środek do przetwarzania mąki (polepszacz) (kwas askorbinowy), L-cysteina, skrobiapszenna. Może zawierać:jaja,orzeszki ziemne,orzechylaskowe,migdały,pistacje/orzechypistacjowe, orzeszki pekan, nasionasezamu,seler.Alergeny:Zboża zawierajace gluten, \n\nPszenica i produkty z pszenicyInne informacje o zawartości produktu:Zawiera surowce GMO:Nie"}, {"header": "Wartość odżywcza", "content": "W 100 gWartość energetyczna kcal451 kcalZawartość tłuszczów (ogólnie)15 gKwasy tłuszczowe nasycone6 gZawartość węglowodanów64 gCukry7 gZawartość białek14 gZawartość soli2.3 g"}, {"header": "Pozostałe informacje", "content": "Kraj pochodzenia:PolskaKraj pochodzenia zależy od konkretnej partii produktu jaka znajduje się w sklepie. Informację o kraju pochodzenia znajdziesz na opakowaniu. Możesz również dodać komentarz z preferowanym typem produktu w koszyku lub wiadomości dla shoppera (np. “prosze o pomidory polskie”).Producent:Mondelez Polska sp. z o.o.Dystrybutor:Mondelez Polska sp z o.o.Domaniewska 49 02-672 WarszawaImporter:Mondelez Polska sp z o.o.Domaniewska 49 02-672 Warszawa PLNazwa wymagana prawnie:Chrupki chlebowe o smaku pizzy"}], "images": ["data/images/33eccfbf099264cf358056b17ded4721.jpg"], "absolute_path": "Artykuły spożywcze/Przekąski/Chipsy/Produkt 12"}
{"name": "Produkt 10", "url": "https://zakupy.biedronka.pl/lays-lays-chipsy-ziemniaczane-o-smaku-smietankowego-serka-z-ziolami-130-g-0000016921.html", "title": "Lay's Chipsy ziemniaczane o smaku śmietankowego serka z ziołami 130 g", "brand": "Lay's", "price": "8.29 PLN", "packaging_details": "0.13kg- 63,77 zł / kg", "description_sections": [{"header": "Opis produktu", "content": "Czy kiedykolwiek zastanawialiście się, co sprawia, że chipsy ziemniaczane Lay’s smakują tak dobrze?Pozwólcie, że uchylimy rąbka tej tajemnicy. Nasz magiczny składnik to sam ziemniak. Wszystkie smaki Lay’s czerpią swoją magię właśnie z niego, więc wybaczcie, że mamy trochę bzika na punkcie jakości ziemniaków pochodzących z upraw rolników współpracujących z Lay’s. Skład każdego cudownego chipsa opiera się właśnie na nim – wspaniałym ziemniaku.Lay's o smaku śmietankowego serka z ziołami to doskonała przekąska dla miłośników wyrazistych smaków. Dzięki smażeniu na olejach roślinnych każdy chrupiący kawałek tych chipsów oferuje bogactwo smaku, które doskonale komponuje się z ich chrupkością.Twoje ulubione chipsy Lay's o smaku śmietankowego serka z ziołami są idealne na każdą okazję niezależnie od tego, czy chodzi o imprezę, wieczór filmowy, czy mecz z kolegami – wśród wielu rodzajów pysznych i chrupiących chipsów Lay's z pewnością znajdziesz te dla siebie.Każdy dzień smakuje lepiej z Lay's!"}, {"header": "Składniki i alergeny", "content": "Składniki:ziemniaki,oleje roślinne (kukurydziany, słonecznikowy, rzepakowy w zmiennych proporcjach),sól,słodka serwatka w proszku zmleka,wzmacniacze smaku (glutaminian monosodowy, guanylan disodowy),cukier,cebula w proszku,syrop glukozowy,aromaty (zawierająmleko),natka pietruszki,serw proszku zmleka,przyprawyAlergeny:Zawiera Mleko"}, {"header": "Wartość odżywcza", "content": "W 100 gWartość energetyczna525 kcalTłuszcz32 gw tym kwasy tłuszczowe nasycone3.4 gWęglowodany50 gw tym cukry2.1 gBłonnik4.4 gBiałko6.8 gSól1.7 g"}, {"header": "Pozostałe informacje", "content": "Producent:Frito Lay Poland Sp. z o.o.,\nul. Zachodnia 1,\n05-825 Grodzisk Mazowiecki,\nPolskaNazwa wymagana prawnie:Chipsy ziemniaczane o smaku śmietankowego serka z ziołami."}], "images": ["data/images/0f85a94fed824f646880e621f61527ea.jpg"], "absolute_path": "Artykuły spożywcze/Przekąski/Chipsy/Produkt 10"}
{"name": "Produkt 11", "url": "https://zakupy.biedronka.pl/top-top-chipsy-smak-papryka-150-g-0000010549.html", "title": "Top Chipsy smak papryka 150 g", "brand": "Top", "price": "5.15 PLN", "packaging_details": "0.15kg- 34,33 zł / kg", "description_sections": [{"header": "Opis produktu", "content": "Tajemnica wyjątkowego smaku chipsów Top kryje się w specjalnie dobranej recepturze. Oleje roślinne jak i starannie wyselekcjonowane ziemniaki sprawiają, że chipsy są chrupiące i złociste. Chrup je z całą paczką przyjaciół i wybierz swój smak na topie.Nutriscore:C"}, {"header": "Składniki i alergeny", "content": "Składniki:ziemniaki, oleje roślinne (słonecznikowy, rzepakowy w zmiennych proporcjach), sól, syrop glukozowy w proszku, cukier, papryka w proszku (0,9%), fruktoza, cebula w proszku, mąka ryżowa, aromat, regulator kwasowości: fosforany wapnia, kwas cytrynowy; papryczka chili Chipotle, maltodekstryna, przyprawa. Produkt może zawierać zboża zawierające gluten imleko.Inne informacje o zawartości produktu:Zawiera surowce GMO:Nie, \n\nInformacje szczegółowe dotyczące środków słodzących:zawiera syrop glukozowy lub glukozowo-fruktozowy, \n\nZawiera wzmacniacze smaku:Nie, \n\nZawiera aromaty:Tak, \n\nPoziom znakowania Nutriscore:C"}, {"header": "Wartość odżywcza", "content": "W 100 gWartość energetyczna kcal538 kcalZawartość tłuszczów (ogólnie)35 gKwasy tłuszczowe nasycone2.9 gZawartość węglowodanów48 gCukry3.1 gZawartość błonnika4.5 gZawartość białek5.4 gZawartość soli1.2 g"}, {"header": "Pozostałe informacje", "content": "Dystrybutor:Jeronimo Martins Polska S.A.Żniwna 5 62-025 Kostrzyn PLImporter:Jeronimo Martins Polska S.A.Żniwna 5 62-025 Kostrzyn PLNazwa wymagana prawnie:Chipsy ziemniaczane o smaku paprykowym"}], "images": ["data/images/999842c02080ac34204f2871f187cda5.jpg"], "absolute_path": "Artykuły spożywcze/Przekąski/Chipsy/Produkt 11"}
{"name": "Produkt 8", "url": "https://zakupy.biedronka.pl/przysnacki-przysnacki-prazynki-o-smaku-bekon-120-g-0000005038.html", "title": "Przysnacki Prażynki o smaku bekon 120 g", "brand": "Przysnacki", "price": "6.49 PLN", "packaging_details": "0.12kg- 59,00 zł / kg", "description_sections": [{"header": "Składniki i alergeny", "content": "Składniki:mąkapszenna(55 %),olej słonecznikowy (27 %),skrobia ziemniaczana,aromat naturalny,sól,substancja spulchniająca: wodorowęglan sodu,drożdże,dekstroza wędzona,ekstrakt z drożdży,cebula w proszku,hydrolizowane białko roślinne,barwniki: kwas karminowy, węgiel roślinny, ekstrakt z papryki, karoteny,bekon w proszku (0,06 %),aromat dymu wędzarniczego,pieprz biały,rozmarynAlergeny:Może zawierać Mleko, \n\nMoże zawierać Soja, \n\nZawiera PszenicaInne informacje o zawartości produktu:Dodatek MSG:Nie zawiera"}, {"header": "Wartość odżywcza", "content": "W 100 gWartość energetyczna511 kcalTłuszcz28 gw tym kwasy tłuszczowe nasycone2.3 gWęglowodany56 gw tym cukry4.2 gBłonnik2.2 gBiałko7.7 gSól2.7 g"}, {"header": "Pozostałe informacje", "content": "Producent:Intersnack Poland Sp. z o.o.\nNiedźwiedź 64\n32-090 SłomnikiDystrybutor:Intersnack Poland Sp. z o.o.Niedźwiedź 64 32-090  SłomnikiNazwa wymagana prawnie:Przekąski pszenne o smaku bekonowym."}], "images": ["data/images/c787f6a0a98f17b544d5c5a86235d6f8.jpg", "data/images/297b2fd0de9c7825e27ef40f9112f5a6.jpg"], "absolute_path": "Artykuły spożywcze/Przekąski/Chipsy/Produkt 8"}
{"name": "Produkt 9", "url": "https://zakupy.biedronka.pl/lays-lays-chipsy-ziemniaczane-o-smaku-zielonej-cebulki-130-g-0000016920.html", "title": "Lay's Chipsy ziemniaczane o smaku zielonej cebulki 130 g", "brand": "Lay's", "price": "8.29 PLN", "packaging_details": "0.13kg- 63,77 zł / kg", "description_sections": [{"header": "Opis produktu", "content": "Osadzanie się oleju wewnątrz opakowania jest zjawiskiem naturalnym i nie stanowi wady produktu."}, {"header": "Składniki i alergeny", "content": "Składniki:ziemniaki,oleje roślinne (kukurydziany, słonecznikowy, rzepakowy w zmiennych proporcjach),preparat serwatkowy zmleka,sól,cebula w proszku,cukier,wzmacniacze smaku (glutaminian monosodowy, 5'-rybonukleotydy disodowe),aromaty (zawierająmleko),regulatory kwasowości (kwas cytrynowy, kwas jabłkowy),czosnek w proszku,barwniki (annato biksyna, ekstrakt z papryki),serw proszku zmleka,serwatka w proszku zmleka,odtłuszczonemlekow proszkuAlergeny:Zawiera MlekoInne informacje o zawartości produktu:Barwniki:Zawiera, \n\nWzmacniacze smaku:Zawiera, \n\nSmaki / Aromaty:Zawiera, \n\nMSG (glutaminian):Zawiera"}, {"header": "Wartość odżywcza", "content": "W 100 gWartość energetyczna524 kcalTłuszcz32 gw tym kwasy tłuszczowe nasycone3.1 gWęglowodany51 gw tym cukry3 gBłonnik4.4 gBiałko6.7 gSól1.6 g"}, {"header": "Pozostałe informacje", "content": "Kraj pochodzenia:PolandKraj pochodzenia zależy od konkretnej partii produktu jaka znajduje się w sklepie. Informację o kraju pochodzenia znajdziesz na opakowaniu. Możesz również dodać komentarz z preferowanym typem produktu w koszyku lub wiadomości dla shoppera (np. “prosze o pomidory polskie”).Producent:Frito Lay Poland Sp. z o.o.,\nul. Zachodnia 1,\n05-825 Grodzisk Mazowiecki,\nPolskaDystrybutor:Jeronimo Martins Polska S.A.Żniwna 5 62-025 Kostrzyn PLImporter:Jeronimo Martins Polska S.A.Żniwna 5 62-025 Kostrzyn PLNazwa wymagana prawnie:Chipsy ziemniaczane o smaku zielonej cebulki."}], "images": ["data/images/c2e78bfea456509e3ced70ded8d30c5d.jpg"], "absolute_path": "Artykuły spożywcze/Przekąski/Chipsy/Produkt 9"}
{"name": "Produkt 13", "url": "https://zakupy.biedronka.pl/lays-lays-max-chipsy-ziemniaczane-karbowane-o-smaku-zielonej-cebulki-120-g-0000805965.html", "title": "Lay's Max Chipsy ziemniaczane karbowane o smaku zielonej cebulki 120 g", "brand": "Lay's", "price": "8.29 PLN", "packaging_details": "0.12kg- 69,08 zł / kg", "description_sections": [{"header": "Opis produktu", "content": "Twoje ulubione Lay's teraz w nowej odsłonie jako Lay's Max.Subrand:Max"}, {"header": "Składniki i alergeny", "content": "Składniki:ziemniaki,oleje roślinne (kukurydziany, słonecznikowy, rzepakowy w zmiennych proporcjach),preparat serwatkowy zmleka,sól,cebula w proszku,cukier,wzmacniacze smaku (glutaminian monosodowy, 5'-rybonukleotydy disodowe),aromaty (zawierająmleko),regulatory kwasowości (kwas cytrynowy, kwas jabłkowy),czosnek w proszku,barwniki (annato biksyna, ekstrakt z papryki),serw proszku zmleka,serwatka w proszku zmleka,odtłuszczonemlekow proszkuAlergeny:Zawiera MlekoInne informacje o zawartości produktu:Barwniki:Zawiera, \n\nWzmacniacze smaku:Zawiera, \n\nSmaki / Aromaty:Zawiera, \n\nMSG (glutaminian):Zawiera"}, {"header": "Wartość odżywcza", "content": "W 100 gWartość energetyczna524 kcalTłuszcz32 gw tym kwasy tłuszczowe nasycone3.1 gWęglowodany51 gw tym cukry3 gBłonnik4.4 gBiałko6.7 gSól1.6 g"}, {"header": "Pozostałe informacje", "content": "Kraj pochodzenia:PolandKraj pochodzenia zależy od konkretnej partii produktu jaka znajduje się w sklepie. Informację o kraju pochodzenia znajdziesz na opakowaniu. Możesz również dodać komentarz z preferowanym typem produktu w koszyku lub wiadomości dla shoppera (np. “prosze o pomidory polskie”).Producent:Frito Lay Poland Sp. z o.o.,\nul. Zachodnia 1,\n05-825 Grodzisk Mazowiecki,\nPolskaDystrybutor:Jeronimo Martins Polska S.A.Żniwna 5 62-025 Kostrzyn PLImporter:Jeronimo Martins Polska S.A.Żniwna 5 62-025 Kostrzyn PLNazwa wymagana prawnie:Chipsy ziemniaczane karbowane o smaku zielonej cebulki."}], "images": ["data/images/44551824d7090fd708fd3d31dcc0a0ad.jpg"], "absolute_path": "Artykuły spożywcze/Przekąski/Chipsy/Produkt 13"}
{"name": "Produkt 15", "url": "https://zakupy.biedronka.pl/crunchips-crunchips-chipsy-ziemniaczane-o-smaku-pieczone-zeberka-140-g-0000015091.html", "title": "Crunchips Chipsy ziemniaczane o smaku pieczone żeberka 140 g", "brand": "Crunchips", "price": "7.99 PLN", "packaging_details": "0.14kg- 57,07 zł / kg", "description_sections": [{"header": "Opis produktu", "content": "Crunchips to zdecydowanie najbardziej intensywna i imprezowa przekąska! Najlepsza opcja na każdą okazję, niezależnie od tego czy ostro balujesz czy chillujesz ze znajomymi.Produkowane z wyselekcjonowanych ziemniaków, wysokiej jakości olejów i aromatycznych przypraw oraz bez glutenu."}, {"header": "Składniki i alergeny", "content": "Składniki:ziemniaki,oleje roślinne (słonecznikowy, rzepakowy w zmiennych proporcjach) (33 %),cukier,sól,fruktoza,pomidor w proszku,cebula w proszku,papryka w proszku,czosnek w proszku,chlorek potasu,bekon w proszku,wędzona papryka w proszku,aromat,ekstrakt drożdżowy,barwnik: ekstrakt z papryki,przeciwutleniacz: mieszanina tokoferoliAlergeny:Nie zawiera Zboża zawierające gluten, \n\nMoże zawierać MlekoInne informacje o zawartości produktu:Przeciwutleniacze:Zawiera, \n\nBarwniki:Zawiera, \n\nSmaki / Aromaty:Zawiera"}, {"header": "Wartość odżywcza", "content": "W 100 gWartość energetyczna530 kcalTłuszcz33 gw tym kwasy tłuszczowe nasycone2.5 gWęglowodany50 gw tym cukry2.5 gBłonnik4.5 gBiałko5.9 gSól1.3 g"}, {"header": "Pozostałe informacje", "content": "Producent:Lorenz P.S.A. (dawniej The Lorenz Bahlsen Snack-World Sp. z o.o.)Dystrybutor:(1) The Lorenz Bahlsen Snack-World Sp. z o.o.(2) Lorenz P.S.A. (dawniej The Lorenz Bahlsen Snack-World sp. z o.o.) (numer producenta w polu \"Najlepiej spożyć przed\")801 567 369Nazwa wymagana prawnie:Chipsy ziemniaczane o smaku pieczonego mięsa."}], "images": ["data/images/34ff5eba81b17076dd15f0be100e2053.jpg"], "absolute_path": "Artykuły spożywcze/Przekąski/Chipsy/Produkt 15"}
{"name": "Produkt 17", "url": "https://zakupy.biedronka.pl/crunchips-crunchips-x-cut-chipsy-ziemniaczane-o-smaku-papryka-140-g-0000009056.html", "title": "Crunchips X-Cut Chipsy ziemniaczane o smaku papryka 140 g", "brand": "Crunchips", "price": "7.99 PLN", "packaging_details": "0.14kg- 57,07 zł / kg", "description_sections": [{"header": "Opis produktu", "content": "Subrand:X-Cut"}, {"header": "Składniki i alergeny", "content": "Składniki:ziemniaki,oleje roślinne (słonecznikowy, rzepakowy w zmiennych proporcjach) (31 %),sól,cukier,papryka w proszku,cebula w proszku,wędzona papryka w proszku,aromat,ekstrakt drożdżowy,barwnik: ekstrakt z papryki;,przeciwutleniacze: ekstrakty z rozmarynu, mieszanina tokoferoliAlergeny:Nie zawiera Zboża zawierające gluten, \n\nMoże zawierać MlekoInne informacje o zawartości produktu:Przeciwutleniacze:Zawiera, \n\nBarwniki:Zawiera, \n\nSmaki / Aromaty:Zawiera"}, {"header": "Wartość odżywcza", "content": "W 100 gWartość energetyczna519 kcalTłuszcz31 gw tym kwasy tłuszczowe nasycone2.4 gWęglowodany52 gw tym cukry0.9 gBłonnik4.6 gBiałko5.8 gSól1.4 g"}, {"header": "Pozostałe informacje", "content": "Producent:Lorenz P.S.A. (dawniej The Lorenz Bahlsen Snack-World Sp. z o.o.)Dystrybutor:(1) The Lorenz Bahlsen Snack-World Sp. z o.o.(2) Lorenz P.S.A. (dawniej The Lorenz Bahlsen Snack-World sp. z o.o.) (numer producenta w polu \"Najlepiej spożyć przed\")Importer:Lorenz P.S.A. (dawniej The Lorenz Bahlsen Snack World Sp. z o.o.)Sady, ul. Rolna 6 62-080 Tarnowo Podgórne PLatrawinska@lbsnacks.plNazwa wymagana prawnie:Grubo krojone chipsy ziemniaczane o smaku paprykowym."}], "images": ["data/images/edb14abcd863986afa71cf56db522b54.jpg"], "absolute_path": "Artykuły spożywcze/Przekąski/Chipsy/Produkt 17"}
{"name": "Produkt 16", "url": "https://zakupy.biedronka.pl/pringles-pringles-chipsy-sour-cream-and-onion-165-g-0000009043.html", "title": "Pringles Chipsy Sour Cream & Onion 165 g", "brand": "Pringles", "price": "10.99 PLN", "packaging_details": "0.165kg- 66,61 zł / kg", "description_sections": [{"header": "Składniki i alergeny", "content": "Składniki:rozdrobnione płatki ziemniaczane,olej słonecznikowy,mąkapszenna,mąka kukurydziana,mąka ryżowa,przyprawa o smaku cebulowo-śmietanowym (cebula w proszku, skrobiapszenna, maltodekstryna, wzmacniacze smaku {glutaminian monosodowy, guanylan disodowy, inozynian disodowy}, glukoza, olej słonecznikowy, sól, aromaty {mleko}, cukier,śmietanaw proszku {mleko}, modyfikowana skrobia kukurydziana, słodka serwatka w proszku {mleko}, syrop glukozowy, kwasy {kwas cytrynowy, kwas mlekowy, kwas jabłkowy}, białkamleka),maltodekstryna,emulgator (E471),sól,barwnik (annato norbiksyna)Alergeny:Zawiera Mleko, \n\nZawiera Pszenica"}, {"header": "Wartość odżywcza", "content": "W 100 gWartość energetyczna525 kcalTłuszcz30 gw tym kwasy tłuszczowe nasycone2.8 gWęglowodany56 gw tym cukry2.5 gBłonnik3.4 gBiałko6 gSól1.3 g"}, {"header": "Pozostałe informacje", "content": "Producent:Kellogg CoDystrybutor:ORBICO Sp. z o.o.ul. Wołoska 5 02-675 Warszawa +48 32 325 60 00Importer:Orbico sp. z o.o.Salsy 2 02-823 Warszawa PLaleksandra.klusak@orbico.comNazwa wymagana prawnie:Chrupki o smaku śmietanowo-cebulowym. Pikantny produkt piekarski."}], "images": ["data/images/e27aea34b025ef42c1e992d44c3da84d.jpg"], "absolute_path": "Artykuły spożywcze/Przekąski/Chipsy/Produkt 16"}
{"name": "Produkt 14", "url": "https://zakupy.biedronka.pl/top-top-chipsy-smak-serek-fromage-150g-0000010559.html", "title": "Top Chipsy smak serek fromage 150g", "brand": "Top", "price": "5.15 PLN", "packaging_details": "0.15kg- 34,33 zł / kg", "description_sections": [{"header": "Opis produktu", "content": "Tajemnica wyjątkowego smaku chipsów Top kryje się w specjalnie dobranej recepturze. Oleje roślinne jak i starannie wyselekcjonowane ziemniaki sprawiają, że chipsy są chrupiące i złociste. Chrup je z całą paczką przyjaciół i wybierz swój smak na topie.Nutriscore:C"}, {"header": "Składniki i alergeny", "content": "Składniki:ziemniaki, oleje roślinne (słonecznikowy, rzepakowy w zmiennych proporcjach), cebula w proszku (1,7%), sól, słodka serwatka w proszku (0,6%) (zmleka), maltodekstryna, cukier, naturalny aromat, syrop glukozowy w proszku, maślanka w proszku (0,08%) (zmleka), natka pietruszki (0,08%), zielona cebulka w proszku (0,03%), przyprawy, barwnik: karoteny. Produkt może zawierać zboża zawierające gluten.Alergeny:Mleko i produkty pochodne (łącznie z laktozą)Inne informacje o zawartości produktu:Zawiera surowce GMO:Nie, \n\nInformacje szczegółowe dotyczące środków słodzących:zawiera syrop glukozowy lub glukozowo-fruktozowy, \n\nZawiera wzmacniacze smaku:Nie, \n\nZawiera barwniki:Tak, \n\nZawiera aromaty:Tak, \n\nPoziom znakowania Nutriscore:C"}, {"header": "Wartość odżywcza", "content": "W 100 gWartość energetyczna kcal539 kcalZawartość tłuszczów (ogólnie)35 gKwasy tłuszczowe nasycone3 gZawartość węglowodanów48 gCukry1.6 gZawartość błonnika4.5 gZawartość białek5.7 gZawartość soli1.2 g"}, {"header": "Pozostałe informacje", "content": "Dystrybutor:Jeronimo Martins Polska S.A.Żniwna 5 62-025 Kostrzyn PLImporter:Jeronimo Martins Polska S.A.Żniwna 5 62-025 Kostrzyn PLNazwa wymagana prawnie:Chipsy ziemniaczane o smaku serka fromage"}], "images": ["data/images/dc692d904b1e2fd98a353bc7aecc47fa.jpg"], "absolute_path": "Artykuły spożywcze/Przekąski/Chipsy/Produkt 14"}
{"name": "Produkt 18", "url": "https://zakupy.biedronka.pl/cheetos-cheetos-spirals-chrupki-kukurydziane-o-smaku-serowo-ketchupowym-110-g-0000016918.html", "title": "Cheetos Spirals Chrupki kukurydziane o smaku serowo-ketchupowym 110 g", "brand": "Cheetos", "price": "6.49 PLN", "packaging_details": "0.11kg- 59,00 zł / kg", "description_sections": [{"header": "Opis produktu", "content": "Z kukurydzyKaszę kukurydzianą pozyskujemy tylko od starannie wybranych i sprawdzonych dostawców.NiesmażoneChrupki Cheetos nie są smażone. W piecu, gdzie przebywają przez kilka minut, odparowuje z nich woda.Pyszne smakiChrupki Cheetos mają pyszne smaki i zabawne kształty - super zabawa gwarantowana!"}, {"header": "Składniki i alergeny", "content": "Składniki:kasza kukurydziana 66 %,olej roślinny rzepakowy,serwatka w proszku zmleka,sól,glukoza,wzmacniacze smaku (glutaminian monosodowy, guanylan disodowy, inozynian disodowy),cukier,aromaty (zawierająmleko,soję),chlorek potasu,barwnik (ekstrakt z papryki)Alergeny:Może zawierać Zboża zawierające gluten, \n\nZawiera Mleko, \n\nMoże zawierać Orzeszki ziemne, \n\nZawiera Soja, \n\nMoże zawierać PszenicaInne informacje o zawartości produktu:Barwniki:Zawiera, \n\nWzmacniacze smaku:Zawiera, \n\nSmaki / Aromaty:Zawiera, \n\nMSG (glutaminian):Zawiera"}, {"header": "Wartość odżywcza", "content": "W 100 gWartość energetyczna514 kcalTłuszcz28 gw tym kwasy tłuszczowe nasycone2.4 gWęglowodany59 gw tym cukry4.8 gBłonnik1.6 gBiałko5.8 gSól1.7 g"}, {"header": "Pozostałe informacje", "content": "Dystrybutor:Frito Lay Poland Sp. z o.o.ul. Zachodnia 1 05-825 Grodzisk Mazowieckikonsument@pepsico.comNazwa wymagana prawnie:Chrupki kukurydziane o smaku serowo-ketchupowym."}], "images": ["data/images/2fcb959474817c88d2da77115aa9d279.jpg"], "absolute_path": "Artykuły spożywcze/Przekąski/Chipsy/Produkt 18"}
{"name": "Produkt 19", "url": "https://zakupy.biedronka.pl/7-days-7-days-bake-rolls-chrupki-chlebowe-o-smaku-pizzy-160-g-0000006309.html", "title": "7 Days Bake Rolls Chrupki chlebowe o smaku pizzy 160 g", "brand": "7 Days", "price": "6.49 PLN", "packaging_details": "0.16kg- 43,27 zł / kg", "description_sections": [{"header": "Opis produktu", "content": "Chrupki chlebowe o smaku pizzy"}, {"header": "Składniki i alergeny", "content": "Składniki:mąkapszenna, olej palmowy, przyprawa o smaku pizzy 3% [suszone pomidory, maltodekstryna, dekstroza, suszona cebula,laktoza, suszone zioła, suszone oregano, aromaty, suszonyseler,sersuszony, barwniki (karmel amoniakalny, kurkumina, karmel amoniakalno-siarczynowy), olej rzepakowy, pieprz cayenne, papryka], sól, cukier, drożdże, mąka sojowaAlergeny:Nasiona sezamu i produkty pochodne, \n\nSeler i produkty pochodne, \n\nSoja i produkty pochodne, \n\nZboża zawierajace gluten, \n\nPszenica i produkty z pszenicyInne informacje o zawartości produktu:Zawiera surowce GMO:Nie"}, {"header": "Wartość odżywcza", "content": "W 100 gWartość energetyczna kcal459 kcalZawartość tłuszczów (ogólnie)15 gKwasy tłuszczowe nasycone7 gZawartość węglowodanów66 gCukry5 gZawartość błonnika4 gZawartość białek13 gZawartość soli2.8 g"}, {"header": "Pozostałe informacje", "content": "Kraj pochodzenia:PolskaKraj pochodzenia zależy od konkretnej partii produktu jaka znajduje się w sklepie. Informację o kraju pochodzenia znajdziesz na opakowaniu. Możesz również dodać komentarz z preferowanym typem produktu w koszyku lub wiadomości dla shoppera (np. “prosze o pomidory polskie”).Producent:Frito Lay Poland Sp. z o.o.Dystrybutor:Mondelez Polska sp z o.o.Domaniewska 49 02-672 WarszawaImporter:Mondelez Polska sp z o.o.Domaniewska 49 02-672 Warszawa PLNazwa wymagana prawnie:Chrupki chlebowe o smaku pizzy"}], "images": ["data/images/919e13e87938a0783867792975f46baa.jpg"], "absolute_path": "Artykuły spożywcze/Przekąski/Chipsy/Produkt 19"}
{"name": "Produkt 22", "url": "https://zakupy.biedronka.pl/crunchips-crunchips-chipsy-ziemniaczane-o-smaku-papryka-140-g-0000009041.html", "title": "Crunchips Chipsy ziemniaczane o smaku papryka 140 g", "brand": "Crunchips", "price": "7.99 PLN", "packaging_details": "0.14kg- 57,07 zł / kg", "description_sections": [{"header": "Składniki i alergeny", "content": "Składniki:ziemniaki,oleje roślinne (słonecznikowy, rzepakowy w zmiennych proporcjach) (33 %),sól,słodka serwatka w proszku (zmleka),papryka w proszku,cukier,dekstroza,cebula w proszku,chlorek amonu,serw proszku,pomidor w proszku,wędzona sól,biały pieprz,aromat,ekstrakt drożdżowy,przeciwutleniacz: mieszanina tokoferoliAlergeny:Zawiera MlekoInne informacje o zawartości produktu:Przeciwutleniacze:Zawiera, \n\nSmaki / Aromaty:Zawiera"}, {"header": "Wartość odżywcza", "content": "W 100 gWartość energetyczna538 kcalTłuszcz34 gw tym kwasy tłuszczowe nasycone2.5 gWęglowodany50 gw tym cukry2.4 gBłonnik4.4 gBiałko5.7 gSól1.3 g"}, {"header": "Pozostałe informacje", "content": "Producent:Lorenz P.S.A. (dawniej The Lorenz Bahlsen Snack-World Sp. z o.o.)Dystrybutor:(1) The Lorenz Bahlsen Snack-World Sp. z o.o.(2) Lorenz P.S.A. (dawniej The Lorenz Bahlsen Snack-World sp. z o.o.) (numer producenta w polu \"Najlepiej spożyć przed\")Importer:Lorenz P.S.A. (dawniej The Lorenz Bahlsen Snack World Sp. z o.o.)Sady, ul. Rolna 6 62-080 Tarnowo Podgórne PLatrawinska@lbsnacks.plNazwa wymagana prawnie:Chipsy ziemniaczane o smaku paprykowym."}], "images": ["data/images/adad8c930bd1aa0db51d046954a2ebc8.jpg"], "absolute_path": "Artykuły spożywcze/Przekąski/Chipsy/Produkt 22"}
{"name": "Produkt 21", "url": "https://zakupy.biedronka.pl/cheetos-cheetos-chrupki-kukurydziane-o-smaku-pizzy-120-g-0000016923.html", "title": "Cheetos Chrupki kukurydziane o smaku pizzy 120 g", "brand": "Cheetos", "price": "6.49 PLN", "packaging_details": "0.12kg- 54,08 zł / kg", "description_sections": [{"header": "Opis produktu", "content": "Z kukurydzyKaszę kukurydzianą pozyskujemy tylko od starannie wybranych i sprawdzonych dostawców.NiesmażoneChrupki Cheetos nie są smażone. W piecu, gdzie przebywają przez kilka minut, odparowuje z nich woda.Pyszne smakiChrupki Cheetos mają pyszne smaki i zabawne kształty - super zabawa gwarantowana!"}, {"header": "Składniki i alergeny", "content": "Składniki:kasza kukurydziana 69 %,olej rzepakowy,sól,cukier,glukoza,wzmacniacze smaku (glutaminian monosodowy, 5'-rybonukleotydy disodowe),aromaty (zawierają trehalozę**),barwniki (betanina, ekstrakt z papryki),cebula w proszku,serwatka w proszku zmleka,hydrolizowane białka roślinne (zawierająsoję),chlorek potasu,pomidor w proszku,mąka z karobu,zioła,regulator kwasowości (kwas cytrynowy),wędzona maltodekstryna,**Trehaloza jest źródłem glukozyAlergeny:Może zawierać Zboża zawierające gluten, \n\nZawiera Mleko, \n\nMoże zawierać Orzeszki ziemne, \n\nZawiera Soja, \n\nMoże zawierać PszenicaInne informacje o zawartości produktu:Barwniki:Zawiera, \n\nWzmacniacze smaku:Zawiera, \n\nSmaki / Aromaty:Zawiera"}, {"header": "Wartość odżywcza", "content": "W 100 gWartość energetyczna488 kcalTłuszcz23 gw tym kwasy tłuszczowe nasycone2 gWęglowodany63 gw tym cukry4.4 gBłonnik1.9 gBiałko6.2 gSól1.6 g"}, {"header": "Pozostałe informacje", "content": "Dystrybutor:Frito Lay Poland Sp. z o.o.ul. Zachodnia 1 05-825 Grodzisk Mazowieckikonsument@pepsico.com801 102 060Nazwa wymagana prawnie:Chrupki kukurydziane o smaku pizzy."}], "images": ["data/images/46c4c481c6defb024efff67fd24d75c3.jpg"], "absolute_path": "Artykuły spożywcze/Przekąski/Chipsy/Produkt 21"}
{"name": "Produkt 20", "url": "https://zakupy.biedronka.pl/lays-lays-chipsy-ziemniaczane-o-smaku-papryki-130-g-0000016919.html", "title": "Lay's Chipsy ziemniaczane o smaku papryki 130 g", "brand": "Lay's", "price": "8.29 PLN", "packaging_details": "0.13kg- 63,77 zł / kg", "description_sections": [{"header": "Składniki i alergeny", "content": "Składniki:ziemniaki,oleje roślinne (kukurydziany, słonecznikowy, rzepakowy w zmiennych proporcjach),cukier,sól,papryka w proszku,aromaty,cebula w proszku,czosnek w proszku,wędzona słodka papryka w proszku,barwnik (ekstrakt z papryki),fruktoza,pieprz cayenne w proszku,kwas (kwas cytrynowy)Inne informacje o zawartości produktu:Barwniki:Zawiera, \n\nSmaki / Aromaty:Zawiera"}, {"header": "Wartość odżywcza", "content": "W 100 gWartość energetyczna517 kcalTłuszcz30 gw tym kwasy tłuszczowe nasycone3 gWęglowodany52 gw tym cukry2.2 gBłonnik4.6 gBiałko6.6 gSól1.3 g"}, {"header": "Pozostałe informacje", "content": "Kraj pochodzenia:PolandKraj pochodzenia zależy od konkretnej partii produktu jaka znajduje się w sklepie. Informację o kraju pochodzenia znajdziesz na opakowaniu. Możesz również dodać komentarz z preferowanym typem produktu w koszyku lub wiadomości dla shoppera (np. “prosze o pomidory polskie”).Producent:Frito Lay Poland Sp. z o.o.,\nul. Zachodnia 1,\n05-825 Grodzisk Mazowiecki,\nPolskaDystrybutor:Jeronimo Martins Polska S.A.Żniwna 5 62-025 Kostrzyn PLImporter:Jeronimo Martins Polska S.A.Żniwna 5 62-025 Kostrzyn PLNazwa wymagana prawnie:Chipsy ziemniaczane o smaku papryki."}], "images": ["data/images/abedbba11004e48f47ea72588181a9ac.jpg"], "absolute_path": "Artykuły spożywcze/Przekąski/Chipsy/Produkt 20"}
{"name": "Produkt 23", "url": "https://zakupy.biedronka.pl/crunchips-crunchips-sticks-chipsy-ziemniaczane-o-smaku-ketchup-70-g-0000004382.html", "title": "Crunchips Sticks Chipsy ziemniaczane o smaku ketchup 70 g", "brand": "Crunchips", "price": "3.85 PLN", "packaging_details": "0.07kg- 55,00 zł / kg", "description_sections": [{"header": "Opis produktu", "content": "Subrand:Sticks"}, {"header": "Składniki i alergeny", "content": "Składniki:ziemniaki,oleje roślinne (słonecznikowy, rzepakowy w zmiennych proporcjach) (29 %),cukier,sól,pomidor w proszku,cebula w proszku,aromat,ekstrakt drożdżowy,kwas: kwas cytrynowy,przeciwutleniacz: mieszanina tokoferoliAlergeny:Nie zawiera Zboża zawierające gluten, \n\nMoże zawierać MlekoInne informacje o zawartości produktu:Przeciwutleniacze:Zawiera, \n\nSmaki / Aromaty:Zawiera"}, {"header": "Wartość odżywcza", "content": "W 100 gWartość energetyczna510 kcalTłuszcz29 gw tym kwasy tłuszczowe nasycone2.2 gWęglowodany54 gw tym cukry2.6 gBłonnik4.6 gBiałko5.9 gSól0.75 g"}, {"header": "Pozostałe informacje", "content": "Producent:The Lorenz Bahlsen Snack-World Sp. z o.o.\nSady k. Poznania,\nul. Rolna 6,\nPL-62-080 Tarnowo Podgórne\nwww.lorenz-snacks.pl\nInstragram: @crunchips_pl\nFacebook: facebook.com\\crunchips.polskaNazwa wymagana prawnie:Chipsy ziemniaczane o smaku ketchupowym."}], "images": ["data/images/7af57808906abb3a1556d9c9e37d56ec.jpg"], "absolute_path": "Artykuły spożywcze/Przekąski/Chipsy/Produkt 23"}
{"name": "Produkt 26", "url": "https://zakupy.biedronka.pl/doritos-doritos-chipsy-kukurydziane-o-smaku-slodkiego-chilli-100-g-0001151356.html", "title": "Doritos Chipsy kukurydziane o smaku słodkiego chilli 100 g", "brand": "Doritos", "price": "7.29 PLN", "packaging_details": "0.1kg- 72,90 zł / kg", "description_sections": [{"header": "Opis produktu", "content": "Doritos o smaku sweet chilli to ekstremalnie chrupiące, trójkątne tortilla chipsy o intensywnym smaku, które zapewnią niezapomniane doznania smakowe. Te chipsy to doskonały wybór dla miłośników intensywnych smaków i chrupiących przekąsek. Odważ się spróbować Doritos  o smaku sweet chilli i przekonaj się, jak wyjątkowe mogą być chipsy!Wyrazisty, słodko-pikantny smak Doritos zadowoli wymagające podniebienie. Każdy kęs to wyjątkowa chrupkość, która dostarcza satysfakcji i radości z jedzenia. Ikoniczny, trójkątny kształt chipsów Doritos ułatwia chwytanie i jedzenie, dodając nut słodyczy i pikanterii imprezom i spotkaniom z przyjaciółmi!Poręczne opakowaniu 100 g sprawia, że chipsy Doritos o smaku sweet chilli są łatwe do zabrania ze sobą i dzielenia się z bliskimi podczas spotkań z przyjaciółmi wieczorów filmowych.Odkryj ekstremalne chrupanie i intensywny smak Doritos! Ich trójkątny kształt sprawia, że to więcej niż tylko przekąska – to prawdziwa przygoda smakowa! Sięgnij po ulubiony sos do Doritos lub zjedz je prosto z paczki i dodaj pikanterii do swojego dnia.Skład produktu różni się w UE. Więcej na: www.info.pepsico.eu.Doritos o smaku sweet chilli to ekstremalnie chrupiące, trójkątne tortilla chipsy o intensywnym smaku, które zapewnią niezapomniane doznania smakowe. Te chipsy to doskonały wybór dla miłośników intensywnych smaków i chrupiących przekąsek. Odważ się spróbować Doritos  o smaku sweet chilli i przekonaj się, jak wyjątkowe mogą być chipsy!Wyrazisty, słodko-pikantny smak Doritos zadowoli wymagające podniebienie. Każdy kęs to wyjątkowa chrupkość, która dostarcza satysfakcji i radości z jedzenia. Ikoniczny, trójkątny kształt chipsów Doritos ułatwia chwytanie i jedzenie, dodając nut słodyczy i pikanterii imprezom i spotkaniom z przyjaciółmi!Poręczne opakowaniu 100 g sprawia, że chipsy Doritos o smaku sweet chilli są łatwe do zabrania ze sobą i dzielenia się z bliskimi podczas spotkań z przyjaciółmi wieczorów filmowych.Odkryj ekstremalne chrupanie i intensywny smak Doritos! Ich trójkątny kształt sprawia, że to więcej niż tylko przekąska – to prawdziwa przygoda smakowa! Sięgnij po ulubiony sos do Doritos lub zjedz je prosto z paczki i dodaj pikanterii do swojego dnia.Skład produktu różni się w UE. Więcej na: www.info.pepsico.euDoritos o smaku sweet chilli to ekstremalnie chrupiące, trójkątne tortilla chipsy o intensywnym smaku, które zapewnią niezapomniane doznania smakowe. Te chipsy to doskonały wybór dla miłośników intensywnych smaków i chrupiących przekąsek. Odważ się spróbować Doritos  o smaku sweet chilli i przekonaj się, jak wyjątkowe mogą być chipsy!Wyrazisty, słodko-pikantny smak Doritos zadowoli wymagające podniebienie. Każdy kęs to wyjątkowa chrupkość, która dostarcza satysfakcji i radości z jedzenia. Ikoniczny, trójkątny kształt chipsów Doritos ułatwia chwytanie i jedzenie, dodając nut słodyczy i pikanterii imprezom i spotkaniom z przyjaciółmi!Poręczne opakowaniu 100 g sprawia, że chipsy Doritos o smaku sweet chilli są łatwe do zabrania ze sobą i dzielenia się z bliskimi podczas spotkań z przyjaciółmi wieczorów filmowych.Odkryj ekstremalne chrupanie i intensywny smak Doritos! Ich trójkątny kształt sprawia, że to więcej niż tylko przekąska – to prawdziwa przygoda smakowa! Sięgnij po ulubiony sos do Doritos lub zjedz je prosto z paczki i dodaj pikanterii do swojego dnia.Skład produktu różni się w krajach UE. Więcej na: www.info.pepsico.eu."}, {"header": "Składniki i alergeny", "content": "Składniki:kukurydza,olej rzepakowy [olej rzepakowy, przeciwutleniacze (ekstrakty z rozmarynu, kwas askorbinowy, mieszanina tokoferoli, kwas cytrynowy)],cukier,aromaty,wzmacniacze smaku (glutaminian monosodowy, guanylan disodowy),chlorek potasu,hydrolizowane białka roślinne,sól,papryka w proszku,cebula w proszku,czosnek w proszku,kwas (kwas cytrynowy),pieprz cayenne,barwnik (ekstrakt z papryki)Alergeny:Może zawierać Zboża zawierające gluten, \n\nMoże zawierać Soja, \n\nMoże zawierać PszenicaInne informacje o zawartości produktu:Flavours:Contains"}, {"header": "Wartość odżywcza", "content": "W 100 gWartość energetyczna478 kcalTłuszcz22 gw tym kwasy tłuszczowe nasycone2 gWęglowodany60 gw tym cukry4.5 gBłonnik5.5 gBiałko6.4 gSól1.1 g"}, {"header": "Pozostałe informacje", "content": "Kraj pochodzenia:PolandKraj pochodzenia zależy od konkretnej partii produktu jaka znajduje się w sklepie. Informację o kraju pochodzenia znajdziesz na opakowaniu. Możesz również dodać komentarz z preferowanym typem produktu w koszyku lub wiadomości dla shoppera (np. “prosze o pomidory polskie”).Dystrybutor:Frito Lay Poland Sp. z o.o.ul. Zachodnia 1 05-825 Grodzisk Mazowiecki Polskaplpl801-102-060Importer:Jeronimo Martins Polska S.A.Żniwna 5 62-025 Kostrzyn PLNazwa wymagana prawnie:Doritos Chipsy kukurydziane o smaku słodkiego chilli 100 g"}], "images": ["data/images/892dea64597f019a926f9f0ee2a5ea3a.jpg"], "absolute_path": "Artykuły spożywcze/Przekąski/Chipsy/Produkt 26"}
{"name": "Produkt 25", "url": "https://zakupy.biedronka.pl/top-top-chrupki-orzechowe-150-g-0000003436.html", "title": "Top Chrupki orzechowe 150 g", "brand": "Top", "price": "3.09 PLN", "packaging_details": "0.15kg- 20,60 zł / kg", "description_sections": [{"header": "Opis produktu", "content": "Tajemnica wyjątkowego smaku chipsów Top kryje się w specjalnie dobranej recepturze. . Chrup je z całą paczką przyjaciół i wybierz swój smak na topie."}, {"header": "Składniki i alergeny", "content": "Składniki:Grys kukurydziany 56,4% (bez GMO),orzeszki ziemne34%, olej rzepakowy, sól, emulgatory: węglan wapnia, mono- i diglicerydy kwasów tłuszczowych. Produkt może zawieraćmleko.Alergeny:Orzeszki ziemne (arachidowe) i produkty pochodne, \n\nOrzechyInne informacje o zawartości produktu:Zawiera surowce GMO:Nie"}, {"header": "Wartość odżywcza", "content": "W 100 gWartość energetyczna kcal501 kcalZawartość tłuszczów (ogólnie)25 gKwasy tłuszczowe nasycone3.3 gZawartość węglowodanów54 gCukry3 gZawartość błonnika3.5 gZawartość białek13 gZawartość soli1.3 g"}, {"header": "Pozostałe informacje", "content": "Producent:Intersnack Poland Sp. z o.o.Dystrybutor:Jeronimo Martins Polska S.A.Żniwna 5 62-025 KostrzynImporter:Jeronimo Martins Polska S.A.Żniwna 5 62-025 Kostrzyn PLNazwa wymagana prawnie:Chrupki kukurydziane orzechowe"}], "images": ["data/images/1c6f306f422566725d47b50bab68c232.jpg"], "absolute_path": "Artykuły spożywcze/Przekąski/Chipsy/Produkt 25"}
{"name": "Produkt 24", "url": "https://zakupy.biedronka.pl/top-top-chrupki-smak-ser-130-g-0000003439.html", "title": "Top Chrupki smak ser 130 g", "brand": "Top", "price": "3.09 PLN", "packaging_details": "0.13kg- 20,60 zł / kg", "description_sections": [{"header": "Opis produktu", "content": "Tajemnica wyjątkowego smaku chipsów Top kryje się w specjalnie dobranej recepturze. Chrup je z całą paczką przyjaciół i wybierz swój smak na topie."}, {"header": "Składniki i alergeny", "content": "Składniki:Grys kukurydziany 66% (bez GMO), olej rzepakowy, serwatka w proszku (zmleka), sól, aromat naturalny,serw proszku 0,6% (zmleka), syrop glukozowy, maltodekstryna, emulgatory: węglan wapnia, mono- i diglicerydy kwasów tłuszczowych; barwnik: karoteny. Produkt może zawieraćorzeszki ziemne.Alergeny:Mleko i produkty pochodne (łącznie z laktozą)Inne informacje o zawartości produktu:Zawiera surowce GMO:Nie, \n\nInformacje szczegółowe dotyczące środków słodzących:zawiera syrop glukozowy lub glukozowo-fruktozowy, \n\nZawiera barwniki:Tak, \n\nDodatkowe informacje na temat produktu:7% oleju słonecznikowego zastąpiono olejem rzepakowym. Bez dodatków wzmacniaczy smaku."}, {"header": "Wartość odżywcza", "content": "W 100 gWartość energetyczna kcal501 kcalZawartość tłuszczów (ogólnie)24 gKwasy tłuszczowe nasycone2.2 gZawartość węglowodanów64 gCukry5 gZawartość błonnika1.9 gZawartość białek5.7 gZawartość soli2.5 g"}, {"header": "Pozostałe informacje", "content": "Producent:Intersnack Poland Sp. z o.o.Dystrybutor:Jeronimo Martins Polska S.A.Żniwna 5 62-025 KostrzynImporter:Jeronimo Martins Polska S.A.Żniwna 5 62-025 Kostrzyn PLNazwa wymagana prawnie:Chrupki kukurydziane o smaku serowym"}], "images": ["data/images/755c987ae6a799682a3a95483057f238.jpg"], "absolute_path": "Artykuły spożywcze/Przekąski/Chipsy/Produkt 24"}
{"name": "Produkt 27", "url": "https://zakupy.biedronka.pl/monster-munch-monster-munch-original-chrupki-ziemniaczane-100-g-0000807838.html", "title": "Monster Munch Original Chrupki ziemniaczane 100 g", "brand": "Monster Munch", "price": "7.49 PLN", "packaging_details": "0.1kg- 74,90 zł / kg", "description_sections": [{"header": "Opis produktu", "content": "Monster Munch to unikalne chrupki od zawsze w kształcie duszka, uwielbiane przez małych i dużych.Duszki nie zawierają dodatku konserwantów ani wzmacniaczy smaku i są wegetariańskie.Poczuj ducha rodziny z chrupkami Monster Munch i spraw, aby wspólne rodzinne chwile były strasznie przyjemne."}, {"header": "Składniki i alergeny", "content": "Składniki:oleje roślinne (słonecznikowy, rzepakowy w zmiennych proporcjach) (33 %),ziemniaki w proszku (21 %),skrobia ziemniaczana (20 %),skrobia kukurydziana,skrobia grochowa,słodka serwatka w proszku (zmleka),sól,cukier,serw proszku,papryka w proszku,naturalny aromat,przeciwutleniacz: mieszanina tokoferoliAlergeny:Może zawierać Zboża zawierające gluten, \n\nZawiera MlekoInne informacje o zawartości produktu:Przeciwutleniacze:Zawiera, \n\nSmaki / Aromaty:Zawiera"}, {"header": "Wartość odżywcza", "content": "W 100 gWartość energetyczna556 kcalTłuszcz34 gw tym kwasy tłuszczowe nasycone2.8 gWęglowodany60 gw tym cukry5.1 gBłonnik1.4 gBiałko1.8 gSól2.8 g"}, {"header": "Pozostałe informacje", "content": "Producent:The Lorenz Bahlsen Snack-World Sp. z o.o.\nSady k. Poznania,\nul. Rolna 6,\nPL-62-080 Tarnowo Podgórne\ninfolinia 801 567 369\nKoszt połączenia według lokalnej taryfy\nwww.lorenz-snackworld.plDystrybutor:Jeronimo Martins Polska S.A.Żniwna 5 62-025 Kostrzyn PLImporter:Jeronimo Martins Polska S.A.Żniwna 5 62-025 Kostrzyn PLNazwa wymagana prawnie:Chrupki ziemniaczane przyprawione."}], "images": ["data/images/6e5e3fc4c714b791d294bd9e1fc7261c.jpg"], "absolute_path": "Artykuły spożywcze/Przekąski/Chipsy/Produkt 27"}
{"name": "Produkt 32", "url": "https://zakupy.biedronka.pl/doritos-doritos-nacho-chipsy-kukurydziane-o-smaku-serowym-100-g-0001151355.html", "title": "Doritos Nacho Chipsy kukurydziane o smaku serowym 100 g", "brand": "Doritos", "price": "7.29 PLN", "packaging_details": "0.1kg- 72,90 zł / kg", "description_sections": [{"header": "Opis produktu", "content": "Trójkątny kształt, ekstremalna chrupkość i wyrazisty smak – spróbuj kultowych nachos Doritos o intensywnym, serowym smaku. Chipsy Doritos to idealna przekąska dla miłośników mocnych doznań smakowych i chrupiących przekąsek. Skuś się na pyszną przekąskę!Doritos nachos zachwycają wyrazistym smakiem, który zadowoli każde podniebienie. Ich ikoniczny kształt trójkąta ułatwia chwytanie i jedzenie, dodając pikanterii imprezom i spotkaniom z przyjaciółmi. Chcesz je schrupać! Chipsy Doritos wyróżniają się wyjątkową chrupkością, która dostarcza niezwykłej satysfakcji i radości z jedzenia. Chipsy Doritos o smaku nacho cheese są dostępne w poręcznych opakowaniach 100 g i 180 g, dzięki czemu Doritos Nachos są łatwe do zabrania ze sobą i dzielenia się z bliskimi przy każdej okazji.Odkryj ekstremalne chrupanie Doritos! Smaki sera i kukurydzy połączone w ikoniczny trójkąt to więcej niż tylko przekąska – to prawdziwa przygoda smakowa! Ciesz się każdą chwilą z Doritos o smaku nacho cheese i dodaj serowego smaku do swojego dnia."}, {"header": "Składniki i alergeny", "content": "Składniki:kukurydza,olej rzepakowy [olej rzepakowy, przeciwutleniacze (ekstrakty z rozmarynu, kwas askorbinowy, mieszanina tokoferoli, kwas cytrynowy)],serwatka w proszku zmleka,aromaty (zawierająmleko),sól,maślanka w proszku zmleka,serw proszku zmleka,pomidor w proszku,cebula w proszku,chlorek potasu,cukier,czosnek w proszku,regulatory kwasowości (kwas cytrynowy, kwas mlekowy),barwniki (annato biksyna, karmel, ekstrakt z papryki),białkamleka,przyprawy,odtłuszczonemlekow proszku,wzmacniacz smaku (5'-rybonukleotydy disodowe)Alergeny:Może zawierać Zboża zawierające gluten, \n\nZawiera Mleko, \n\nMoże zawierać Soja, \n\nMoże zawierać PszenicaInne informacje o zawartości produktu:Przeciwutleniacze:Zawiera, \n\nBarwniki:Zawiera, \n\nWzmacniacze smaku:Zawiera, \n\nSmaki / Aromaty:Zawiera"}, {"header": "Wartość odżywcza", "content": "W 100 gWartość energetyczna480 kcalTłuszcz22 gw tym kwasy tłuszczowe nasycone2.2 gWęglowodany61 gw tym cukry3.7 gBłonnik5.5 gBiałko6.8 gSól0.89 g"}, {"header": "Pozostałe informacje", "content": "Kraj pochodzenia:PolandKraj pochodzenia zależy od konkretnej partii produktu jaka znajduje się w sklepie. Informację o kraju pochodzenia znajdziesz na opakowaniu. Możesz również dodać komentarz z preferowanym typem produktu w koszyku lub wiadomości dla shoppera (np. “prosze o pomidory polskie”).Dystrybutor:Frito Lay Poland Sp. z o.o.ul. Zachodnia 1 05-825 Grodzisk Mazowiecki Polskakonsument@pepsico.comImporter:Jeronimo Martins Polska S.A.Żniwna 5 62-025 Kostrzyn PLNazwa wymagana prawnie:Doritos Nacho Chipsy kukurydziane o smaku serowym 100 g"}], "images": ["data/images/2006b1ebbff8e90dae6dde9c42b3055e.jpg"], "absolute_path": "Artykuły spożywcze/Przekąski/Chipsy/Produkt 32"}
{"name": "Produkt 29", "url": "https://zakupy.biedronka.pl/pringles-pringles-chipsy-paprika-165-g-0000009044.html", "title": "Pringles Chipsy Paprika 165 g", "brand": "Pringles", "price": "10.99 PLN", "packaging_details": "0.165kg- 66,61 zł / kg", "description_sections": [{"header": "Opis produktu", "content": "Wegetariański"}, {"header": "Składniki i alergeny", "content": "Składniki:rozdrobnione płatki ziemniaczane,olej słonecznikowy,mąkapszenna,mąka kukurydziana,mąka ryżowa,przyprawa o smaku paprykowym (cukier, papryka w proszku, wzmacniacze smaku {glutaminian monosodowy, guanylan disodowy, inozynian disodowy}, glukoza, drożdże w proszku, cebula w proszku, sól, granulat bulionu warzywnego {sól, hydrolizowane białka roślinne, olej słonecznikowy}, aromaty, czosnek w proszku, barwnik {ekstrakt z papryki}, kwas {kwas cytrynowy}, słodka serwatka w proszku {mleko}),maltodekstryna,emulgator (E471),sól,barwnik (annato norbiksyna)Alergeny:Zawiera Mleko, \n\nZawiera PszenicaInne informacje o zawartości produktu:MSG (Glutamate):Contains, \n\nAdditives:Contains, \n\nFlavour Enhancers:Contains, \n\nColours:Contains, \n\nFragrances:Contains, \n\nGlucose or Glucose-Fructose Syrup:Contains, \n\nFlavours:Contains"}, {"header": "Wartość odżywcza", "content": "W 100 gWartość energetyczna518 kcalTłuszcz29 gw tym kwasy tłuszczowe nasycone2.7 gWęglowodany56 gw tym cukry3.7 gBłonnik3.8 gBiałko6.4 gSól1.4 g"}, {"header": "Pozostałe informacje", "content": "Kraj pochodzenia:PolandKraj pochodzenia zależy od konkretnej partii produktu jaka znajduje się w sklepie. Informację o kraju pochodzenia znajdziesz na opakowaniu. Możesz również dodać komentarz z preferowanym typem produktu w koszyku lub wiadomości dla shoppera (np. “prosze o pomidory polskie”).Producent:ORBICO Sp. z o.o.,\nul. Wołoska 5,\n02-675 Warszawa\n+48 32 325 60 00\nwww.pringles.comImporter:Orbico sp. z o.o.Salsy 2 02-823 Warszawa PLaleksandra.klusak@orbico.comNazwa wymagana prawnie:Chrupki o smaku paprykowym. Pikantny produkt piekarski."}], "images": ["data/images/9133e37a395aafc5ad64ad864fd45720.jpg"], "absolute_path": "Artykuły spożywcze/Przekąski/Chipsy/Produkt 29"}
{"name": "Produkt 30", "url": "https://zakupy.biedronka.pl/top-top-chipsy-spicy-jalapeno-and-cheese-150-g-0000020582.html", "title": "Top Chipsy Spicy Jalapeno & Cheese 150 g", "brand": "Top", "price": "5.15 PLN", "packaging_details": "0.15kg- 34,33 zł / kg", "description_sections": [{"header": "Opis produktu", "content": "Nutriscore:D"}, {"header": "Składniki i alergeny", "content": "Składniki:ziemniaki (59,5 %), oleje roślinne [35 %) (słonecznikowy, rzepakowy, w zmiennych proporcjach), słodka serwatka w proszku (zmleka), sól, cukier, papryka w proszku, naturalny aromat, regulatory kwasowości: fosforany wapnia, kwas cytrynowy; cebula w proszku, pieprz czarny, papryka Jalapeno,serw proszku (zmleka]. Produkt może zawierać zboża zawierające gluten."}, {"header": "Pozostałe informacje", "content": "Nazwa wymagana prawnie:Chipsy faliste o smaku papryki jalapeno i sera."}], "images": ["data/images/12f7d75b807301e8ab0e6a5b7704c710.jpg", "data/images/3c1dfa95ac61832329c5293e60273fe3.jpg"], "absolute_path": "Artykuły spożywcze/Przekąski/Chipsy/Produkt 30"}
{"name": "Produkt 31", "url": "https://zakupy.biedronka.pl/7-days-7-days-bake-rolls-chrupki-chlebowe-z-otrebami-pszennymi-o-smaku-pizzy-160-g-0000006308.html", "title": "7 Days Bake Rolls Chrupki chlebowe z otrębami pszennymi o smaku pizzy 160 g", "brand": "7 Days", "price": "6.49 PLN", "packaging_details": "0.16kg- 43,27 zł / kg", "description_sections": [{"header": "Opis produktu", "content": "Chrupki chlebowe z otrębami pszennymi i czosnkiem suszonym"}, {"header": "Składniki i alergeny", "content": "Składniki:mąkapszenna, olej palmowy, otrębypszenne10%, preparat przyprawowy o smaku pizzy 4%, [pomidor w proszku, naturalny aromat, glukoza, suszona cebula,laktoza(zmleka), suszone zioła, oregano,serw proszku, regulator kwasowości (kwas cytrynowy), pieprz cayenne, olej rzepakowy, barwnik (ekstrakt z papryki), aromat dymu wędzarniczego], sól, cukier, glutenpszenny, drożdże, zarodkipszenne, mąka z fasoli, emulgator (stearoilomleczan sodu), środek do przetwarzania mąki [(polepszacz) (kwas askorbinowy), (polepszacz) L-cysteina)], skrobiapszenna.Alergeny:Mleko i produkty pochodne (łącznie z laktozą), \n\nZboża zawierajace gluten, \n\nPszenica i produkty z pszenicyInne informacje o zawartości produktu:Zawiera surowce GMO:Nie"}, {"header": "Wartość odżywcza", "content": "W 100 gWartość energetyczna kcal436 kcalZawartość tłuszczów (ogólnie)16.5 gKwasy tłuszczowe nasycone7.2 gZawartość węglowodanów54 gCukry10 gZawartość błonnika7.7 gZawartość białek14 gZawartość soli2.35 g"}, {"header": "Pozostałe informacje", "content": "Kraj pochodzenia:PolskaKraj pochodzenia zależy od konkretnej partii produktu jaka znajduje się w sklepie. Informację o kraju pochodzenia znajdziesz na opakowaniu. Możesz również dodać komentarz z preferowanym typem produktu w koszyku lub wiadomości dla shoppera (np. “prosze o pomidory polskie”).Producent:Frito Lay Poland Sp. z o.o.Dystrybutor:Mondelez Polska sp z o.o.Domaniewska 49 02-672 WarszawaImporter:Mondelez Polska sp z o.o.Domaniewska 49 02-672 Warszawa PLNazwa wymagana prawnie:Chrupki chlebowe z otrębami pszennymi o smaku pizzy."}], "images": ["data/images/3414bcc7c7b344f0d06f20170b0cfcb1.jpg"], "absolute_path": "Artykuły spożywcze/Przekąski/Chipsy/Produkt 31"}
{"name": "Produkt 28", "url": "https://zakupy.biedronka.pl/top-top-tortilla-chipsy-kukurydziane-smak-ostre-chili-150-g-0000001741.html", "title": "Top Tortilla Chipsy kukurydziane smak ostre chili 150 g", "brand": "Top", "price": "3.99 PLN", "packaging_details": "0.15kg- 26,60 zł / kg", "description_sections": [{"header": "Opis produktu", "content": "Tajemnica wyjątkowego smaku produktów Top kryje się w specjalnie dobranej recepturze. Chrup je z całą paczką przyjaciół i wybierz swój smak na topie."}, {"header": "Składniki i alergeny", "content": "Składniki:mąka kukurydziana 73% (bez GMO), olej słonecznikowy, sól, glukoza, przyprawy: papryka, czosnek, papryka chili 0,15%, cebula, kminek, lubczyk;laktoza(zmleka), cukier puder, maltodekstryna, aromaty, barwnik: ekstrakt z papryki. Produkt może zawierać: gluten,soję.Alergeny:Mleko i produkty pochodne (łącznie z laktozą)Inne informacje o zawartości produktu:Zawiera surowce GMO:Nie, \n\nZawiera wzmacniacze smaku:Nie"}, {"header": "Wartość odżywcza", "content": "W 100 gWartość energetyczna kcal488 kcalZawartość tłuszczów (ogólnie)22 gKwasy tłuszczowe nasycone2.1 gZawartość węglowodanów64 gCukry1.8 gZawartość błonnika3.4 gZawartość białek6.4 gZawartość soli1.1 g"}, {"header": "Pozostałe informacje", "content": "Producent:Dijo Baking Sp. z o.o.Dystrybutor:Jeronimo Martins Polska S.A.Żniwna 5 62-025 KostrzynImporter:Jeronimo Martins Polska S.A.Żniwna 5 62-025 Kostrzyn PLNazwa wymagana prawnie:Chipsy tortilla o smaku ostrego chili"}], "images": ["data/images/499dbc213dc1e79c36e79b70cfd32e2f.jpg", "data/images/d7445440e303e87e9c851c7907fe2cf7.jpg"], "absolute_path": "Artykuły spożywcze/Przekąski/Chipsy/Produkt 28"}
{"name": "Produkt 2", "url": "https://zakupy.biedronka.pl/felix-felix-orzeszki-dlugo-prazone-extra-chrupkie-z-sola-220-g-0000019561.html", "title": "Felix Orzeszki długo prażone extra chrupkie z solą 220 g", "brand": "Felix", "price": "9.99 PLN", "packaging_details": "0.22kg- 45,41 zł / kg", "description_sections": [{"header": "Opis produktu", "content": "źródło składników odżywczych:fosforbłonniknienasycone kwasy tłuszczowewitamina E"}, {"header": "Składniki i alergeny", "content": "Składniki:orzeszki ziemne(93 %),olej słonecznikowy,maltodekstryna,sól (1,6 %),substancja żelująca: guma arabska,cukier karmelizowany,ekstrakt z drożdżyAlergeny:Może zawierać Migdały, \n\nMoże zawierać Orzechy brazylijskie, \n\nMoże zawierać Orzechy nerkowca, \n\nMoże zawierać Orzechy laskowe, \n\nMoże zawierać Orzechy makadamia / Orzechy Queensland, \n\nMoże zawierać Orzechy, \n\nZawiera Orzeszki ziemne, \n\nMoże zawierać Orzeszki pekan, \n\nMoże zawierać Pistacje/orzechy pistacjowe, \n\nMoże zawierać Orzechy włoskie"}, {"header": "Wartość odżywcza", "content": "W 100 gWartość energetyczna601 kcalTłuszcz48 gw tym kwasy tłuszczowe nasycone7.5 gw tym kwasy tłuszczowe jednonienasycone25.6 gw tym kwasy tłuszczowe wielonienasycone15.2 gWęglowodany13 gw tym cukry5.3 gBłonnik8.1 gBiałko24 gSól1.6 gWitaminy i składniki mineralnew 100  g% RWS w 100  gFosfor385 mg55%Witamina E9.1 mg75%"}, {"header": "Pozostałe informacje", "content": "Producent:Intersnack Poland Sp. z o.o.\nul. Centralna 2.\n32-090 Niedźwiedź\nwww.intersnack.pl\n\nOdwiedź nas na \nwww.felixpolska.plNazwa wymagana prawnie:Orzeszki ziemne smażone i prażone, solone."}], "images": ["data/images/d071e4202983493883f8fc3a26aa3b69.jpg"], "absolute_path": "Artykuły spożywcze/Przekąski/Orzeszki/Produkt 2"}
{"name": "Produkt 1", "url": "https://zakupy.biedronka.pl/felix-felix-orzeszki-ziemne-prazone-220-g-0000019562.html", "title": "Felix Orzeszki ziemne prażone 220 g", "brand": "Felix", "price": "9.99 PLN", "packaging_details": "0.22kg- 45,41 zł / kg", "description_sections": [{"header": "Opis produktu", "content": "źródło składników odżywczychwitamina Efosforbłonniknienasycone kwasy tłuszczowe"}, {"header": "Składniki i alergeny", "content": "Składniki:orzeszki ziemne(100 %)Alergeny:Może zawierać Orzechy, \n\nZawiera Orzeszki ziemne"}, {"header": "Wartość odżywcza", "content": "W 100 gWartość energetyczna609 kcalTłuszcz49 gw tym kwasy tłuszczowe nasycone7.8 gw tym kwasy tłuszczowe jednonienasycone25 gw tym kwasy tłuszczowe wielonienasycone16 gWęglowodany12 gw tym cukry5.6 gBłonnik8.6 gBiałko26 gSól0.01 gWitaminy i składniki mineralnew 100  g% RWS w 100  gFosfor411 mg59%Witamina E8.2 mg68%"}, {"header": "Pozostałe informacje", "content": "Producent:Intersnack Poland Sp. z o.o.\nul. Centralna 2\n32-090 Niedźwiedź\nwww.intersnack.pl\nOdwiedź nas na\nwww.felixpolska.plNazwa wymagana prawnie:Orzeszki ziemne prażone."}], "images": ["data/images/bf71e756d16956f665cbbff7d3c7180a.jpg"], "absolute_path": "Artykuły spożywcze/Przekąski/Orzeszki/Produkt 1"}
{"name": "Produkt 1", "url": "https://zakupy.biedronka.pl/bakallino-bakallino-orzechy-nerkowca-200-g-0000006895.html", "title": "Bakallino Orzechy nerkowca 200 g", "brand": "Bakallino", "price": "13.29 PLN", "packaging_details": "0.2kg- 66,45 zł / kg", "description_sections": [{"header": "Składniki i alergeny", "content": "Składniki:orzechynerkowca. Produkt może zawieraćorzeszki ziemne, inneorzechy, nasionasezamu,soję,mleko,jaja,dwutlenek siarkiisiarczynyAlergeny:Orzechy nerkowca i produkty z orzecha nerkowcaInne informacje o zawartości produktu:Zawiera surowce GMO:Nie"}, {"header": "Wartość odżywcza", "content": "W 100 gWartość energetyczna kcal591 kcalZawartość tłuszczów (ogólnie)44 gKwasy tłuszczowe nasycone7.8 gZawartość węglowodanów29 gCukry5.9 gZawartość błonnika3.3 gZawartość białek18 gZawartość soli0.03 g"}, {"header": "Pozostałe informacje", "content": "Producent:Atlanta Poland S. A.Dystrybutor:Jeronimo Martins Polska S.A.Żniwna 5 62-025 KostrzynImporter:Jeronimo Martins Polska S.A.Żniwna 5 62-025 Kostrzyn PLNazwa wymagana prawnie:Orzechy nerkowca łuskane"}], "images": ["data/images/9b83f430f5c5189a810c167bbbb52710.jpg", "data/images/d1109f714ec73246874953dcbe88a03d.jpg"], "absolute_path": "Artykuły spożywcze/Przekąski/Bakalie/Produkt 1"}
{"name": "Produkt 3", "url": "https://zakupy.biedronka.pl/top-top-slonecznik-prazony-200-g-0000001655.html", "title": "Top Słonecznik prażony 200 g", "brand": "Top", "price": "3.59 PLN", "packaging_details": "0.2kg- 17,95 zł / kg", "description_sections": [{"header": "Składniki i alergeny", "content": "Składniki:ziarna słonecznika. Produkt może zawierać:orzeszki ziemne,orzechy, zboża zawierajace gluten."}, {"header": "Pozostałe informacje", "content": "Kraj pochodzenia:WęgryKraj pochodzenia zależy od konkretnej partii produktu jaka znajduje się w sklepie. Informację o kraju pochodzenia znajdziesz na opakowaniu. Możesz również dodać komentarz z preferowanym typem produktu w koszyku lub wiadomości dla shoppera (np. “prosze o pomidory polskie”).Nazwa wymagana prawnie:Ziarna słonecznika prażone"}], "images": ["data/images/c3aa3b0ac75393ee176fc308e58b3e39.jpg"], "absolute_path": "Artykuły spożywcze/Przekąski/Orzeszki/Produkt 3"}
{"name": "Produkt 4", "url": "https://zakupy.biedronka.pl/felix-felix-orzeszki-z-pieca-z-sola-220-g-0000019559.html", "title": "Felix Orzeszki z pieca z solą 220 g", "brand": "Felix", "price": "9.99 PLN", "packaging_details": "0.22kg- 45,41 zł / kg", "description_sections": [{"header": "Opis produktu", "content": "źródło składników odżywczych:fosforbłonniknienasycone kwasy tłuszczowewit. Emagnez"}, {"header": "Składniki i alergeny", "content": "Składniki:orzeszki ziemne(97 %),sól (1,5 %),substancja żelująca: quma arabska,maltodekstryna,cukier karmelizowany,ekstrakt z drożdżyAlergeny:Może zawierać Orzechy, \n\nZawiera Orzeszki ziemne"}, {"header": "Wartość odżywcza", "content": "W 100 gWartość energetyczna598 kcalTłuszcz48 gw tym kwasy tłuszczowe nasycone7.6 gw tym kwasy tłuszczowe jednonienasycone24 gw tym kwasy tłuszczowe wielonienasycone16 gWęglowodany12 gw tym cukry5.4 gBłonnik8.4 gBiałko25 gSól1.5 gWitaminy i składniki mineralnew 100  g% RWS w 100  gFosfor400 mg57%Magnez170 mg45%Witamina E8 mg67%"}, {"header": "Pozostałe informacje", "content": "Producent:Intersnack Poland Sp z o.o.\nNiedźwiedź 64\n32-090 Słomniki\nwww.intersnack.pl\n\nOdwiedź nas na\nwww.felixpolska.plNazwa wymagana prawnie:Orzeszki ziemne dwukrotnie prażone, solone."}], "images": ["data/images/a17041f820d2113ab1953d93305eeaa9.jpg"], "absolute_path": "Artykuły spożywcze/Przekąski/Orzeszki/Produkt 4"}
{"name": "Produkt 5", "url": "https://zakupy.biedronka.pl/bakallino-bakallino-orzechy-laskowe-300-g-0000007271.html", "title": "Bakallino Orzechy laskowe 300 g", "brand": "Bakallino", "price": "19.89 PLN", "packaging_details": "0.3kg- 66,30 zł / kg", "description_sections": [{"header": "Pozostałe informacje", "content": "Nazwa wymagana prawnie:Orzechy laskowe łuskane"}], "images": ["data/images/f1563f9cf4ebfb99e68ed69a82c00410.jpg"], "absolute_path": "Artykuły spożywcze/Przekąski/Bakalie/Produkt 5"}
{"name": "Produkt 4", "url": "https://zakupy.biedronka.pl/bakallino-bakallino-zurawina-suszona-cieta-300-g-0000004383.html", "title": "Bakallino Żurawina suszona, cięta 300 g", "brand": "Bakallino", "price": "9.99 PLN", "packaging_details": "0.3kg- 33,30 zł / kg", "description_sections": [{"header": "Składniki i alergeny", "content": "Składniki:żurawina 60%, cukier trzcinowy 39%, olej słonecznikowy 1%. Produkt może zawieraćorzeszki ziemne,orzechy, nasionasezamu,soję,mleko,jaja,dwutlenek siarkiisiarczyny."}, {"header": "Pozostałe informacje", "content": "Nazwa wymagana prawnie:Żurawina cięta, suszona, słodzona"}], "images": ["data/images/65e6a8d42cd5ac094e95c0e55877087b.jpg"], "absolute_path": "Artykuły spożywcze/Przekąski/Bakalie/Produkt 4"}
{"name": "Produkt 6", "url": "https://zakupy.biedronka.pl/bakador-s%C3%A9lection-bakador-s%C3%A9lection-pistacje-luskane-niesolone-prazone-70-g-0000008399.html", "title": "BakaD'Or Sélection Pistacje łuskane niesolone prażone 70 g", "brand": "BakaD'Or Sélection", "price": "10.99 PLN", "packaging_details": "0.07kg- 157,00 zł / kg", "description_sections": [{"header": "Opis produktu", "content": "Pistacje łuskane, nieblanszowane, prażone."}, {"header": "Składniki i alergeny", "content": "Składniki:pistacje. Produkt może zawieraćorzeszki ziemnei inneorzechyAlergeny:Pistacje i produkty pistacjoweInne informacje o zawartości produktu:Zawiera surowce GMO:Nie"}, {"header": "Wartość odżywcza", "content": "W 100 gWartość energetyczna kcal608 kcalZawartość tłuszczów (ogólnie)50 gKwasy tłuszczowe nasycone6.5 gZawartość węglowodanów9.6 gCukry5.3 gZawartość błonnika11 gZawartość białek24 gZawartość soli0.01 g"}, {"header": "Pozostałe informacje", "content": "Producent:Importaco Poland Sp. z o.o.Dystrybutor:Jeronimo Martins Polska S.A.Żniwna 5 62-025 KostrzynImporter:Jeronimo Martins Polska S.A.Żniwna 5 62-025 Kostrzyn PLNazwa wymagana prawnie:Pistacje łuskane, nieblanszowane, prażone"}], "images": ["data/images/a46a816a487692451731d7d81b319b26.jpg", "data/images/e164f57c5518a18416c78145f83947d0.jpg"], "absolute_path": "Artykuły spożywcze/Przekąski/Bakalie/Produkt 6"}
{"name": "Produkt 3", "url": "https://zakupy.biedronka.pl/bakador-s%C3%A9lection-bakador-s%C3%A9lection-mieszanka-orzechow-prazonych-150-g-0000009303.html", "title": "BakaD'Or Sélection Mieszanka orzechów prażonych 150 g", "brand": "BakaD'Or Sélection", "price": "10.49 PLN", "packaging_details": "0.15kg- 69,93 zł / kg", "description_sections": [{"header": "Opis produktu", "content": "Mieszanka orzechów prażonych stanowi źródło błonnika pokarmowego i magnezu. Magnez przyczynia się do zmniejszenia uczucia zmęczenia i znużenia. Pomaga w prawidłowym funkcjonowaniu układu nerwowego i mięśni. Korzystne działanie występuje w przypadku spożycia 1 porcji dziennie. Pamiętaj, że zrównoważona dieta i aktywny styl życia są bardzo ważne dla zachowania dobrego samopoczucia i zdrowia."}, {"header": "Składniki i alergeny", "content": "Składniki:orzechylaskowełuskane, prażone 40%,orzechynerkowca łuskane, prażone 30%,migdałyłuskane, blanszowane, prażone 30%. Produkt może zawieraćorzeszki ziemne, inneorzechy, nasionasezamu,mleko(łącznie z laktozą),sojęi glutenpszennyAlergeny:Migdały i produkty z migdałami, \n\nOrzechy laskowe i produkty z orzechów laskowych, \n\nOrzechy nerkowca i produkty z orzecha nerkowcaInne informacje o zawartości produktu:Zawiera surowce GMO:Nie"}, {"header": "Wartość odżywcza", "content": "W 100 gWartość energetyczna kcal641 kcalZawartość tłuszczów (ogólnie)57 gKwasy tłuszczowe nasycone5.9 gZawartość węglowodanów5.7 gCukry4.9 gZawartość błonnika13 gZawartość białek20 gZawartość soli0 gWitaminy i składniki mineralnew 100 g% RWS w 100 gMagnez209 mg0%Magnez (%RWS)56 %RWS0%"}, {"header": "Pozostałe informacje", "content": "Dystrybutor:Jeronimo Martins Polska S.A.Żniwna 5 62-025 KostrzynNazwa wymagana prawnie:Mieszanka orzechów prażonych"}], "images": ["data/images/0eafeb8e904fd33657d6d25c23961bfa.jpg", "data/images/bbbd3841c2d3c0abc823f8c0105c8afc.jpg"], "absolute_path": "Artykuły spożywcze/Przekąski/Bakalie/Produkt 3"}
{"name": "Produkt 2", "url": "https://zakupy.biedronka.pl/top-top-mieszanka-studencka-200-g-0000008140.html", "title": "Top Mieszanka studencka 200 g", "brand": "Top", "price": "6.99 PLN", "packaging_details": "0.2kg- 34,95 zł / kg", "description_sections": [{"header": "Składniki i alergeny", "content": "Składniki:Rodzynki 40% (zawierają olej słonecznikowy),orzeszki ziemneprażone połówki 30%,migdałyłuskane 8%,migdałyłuskane blanszowane 8%,orzechylaskowełuskane 8%,orzechynerkowca łuskane 6%. Produkt może zawierać zboża zawierające gluten, inneorzechy,mleko,sojęoraz nasionasezamu."}, {"header": "Pozostałe informacje", "content": "Nazwa wymagana prawnie:Mieszanka rodzynek, orzeszków ziemnych, migdałów, orzechów laskowych i nerkowców."}], "images": ["data/images/4ff3348b720f4bea89d56ac90dbd29ad.jpg"], "absolute_path": "Artykuły spożywcze/Przekąski/Bakalie/Produkt 2"}
{"name": "Produkt 8", "url": "https://zakupy.biedronka.pl/bakallino-bakallino-migdaly-luskane-300-g-0000004931.html", "title": "Bakallino Migdały łuskane 300 g", "brand": "Bakallino", "price": "16.99 PLN", "packaging_details": "0.3kg- 56,63 zł / kg", "description_sections": [{"header": "Składniki i alergeny", "content": "Składniki:migdałyłuskane. Produkt może zawieraćorzeszki ziemne, inneorzechy, nasionasezamu,soję,mleko,jaja,dwutlenek siarkiisiarczyny"}, {"header": "Pozostałe informacje", "content": "Nazwa wymagana prawnie:Migdały łuskane"}], "images": ["data/images/82612935f27a0b09dfeefbeeac6ea6c0.jpg"], "absolute_path": "Artykuły spożywcze/Przekąski/Bakalie/Produkt 8"}
{"name": "Produkt 7", "url": "https://zakupy.biedronka.pl/bakallino-bakallino-orzechy-wloskie-luskane-300-g-0000004384.html", "title": "Bakallino Orzechy włoskie łuskane 300 g", "brand": "Bakallino", "price": "19.99 PLN", "packaging_details": "0.3kg- 66,63 zł / kg", "description_sections": [{"header": "Składniki i alergeny", "content": "Składniki:orzechywłoskie łuskane. Produkt może zawierać:orzeszki ziemne, inneorzechy, nasionasezamu,mleko(łącznie z laktozą),sojęi glutenpszenny"}, {"header": "Pozostałe informacje", "content": "Nazwa wymagana prawnie:Orzechy włoskie łuskane"}], "images": ["data/images/18364447b0cb8419078e0f8b4d8801b9.jpg"], "absolute_path": "Artykuły spożywcze/Przekąski/Bakalie/Produkt 7"}
{"name": "Produkt 9", "url": "https://zakupy.biedronka.pl/bakallino-bakallino-migdaly-blanszowane-w-platkach-150-g-0000005550.html", "title": "Bakallino Migdały blanszowane w płatkach 150 g", "brand": "Bakallino", "price": "7.29 PLN", "packaging_details": "0.15kg- 48,60 zł / kg", "description_sections": [{"header": "Składniki i alergeny", "content": "Składniki:migdałyłuskane, blanszowana w płatkach.Produkt może zawieraćorzeszki ziemne, inneorzechy, nasionasezamu,mleko(łącznie z laktozą),sojęi glutenpszenny."}, {"header": "Pozostałe informacje", "content": "Dystrybutor:Jeronimo Martins Polska S.A.Żniwna 5 62-025 Kostrzyn PLImporter:Jeronimo Martins Polska S.A.Żniwna 5 62-025 Kostrzyn PLNazwa wymagana prawnie:Migdały blanszowane w płatkach"}], "images": ["data/images/9e4baae48a8506f7fcfa45c4a277dbd2.jpg"], "absolute_path": "Artykuły spożywcze/Przekąski/Bakalie/Produkt 9"}
{"name": "Produkt 11", "url": "https://zakupy.biedronka.pl/bakador-s%C3%A9lection-bakador-s%C3%A9lection-sliwki-suszone-200-g-0000000300.html", "title": "BakaD'Or Sélection Śliwki suszone 200 g", "brand": "BakaD'Or Sélection", "price": "7.99 PLN", "packaging_details": "0.2kg- 39,95 zł / kg", "description_sections": [{"header": "Opis produktu", "content": "Suszone śliwki pomagają w prawidłowym funkcjonowaniu jelit. Korzystne działanie występuje w przypadku spożywania 100 g suszonych śliwek dziennie. Zarówno dieta i aktywny styl życia są bardzo ważne dla zachowania dobrego samopoczucia i zdrowia. Suszone śliwki są naturalnym źródłem błonnika pokarmowego."}, {"header": "Składniki i alergeny", "content": "Składniki:śliwki suszone bez pestek 98,9%, zawiera olej słonecznikowy i/lub rzepakowy 1%, substancja konserwująca: sorbinian potasu. Produkt może zawierać:orzeszki ziemne,orzechy, nasionasezamu,mleko(łącznie z laktozą),sojęi glutenpszenny."}, {"header": "Pozostałe informacje", "content": "Nazwa wymagana prawnie:Śliwki suszone bez pestek"}], "images": ["data/images/c959074a0e01c62667185b782c5e9fce.jpg", "data/images/d9a0dd25ded84519359141fda6e0e9d2.jpg"], "absolute_path": "Artykuły spożywcze/Przekąski/Bakalie/Produkt 11"}
{"name": "Produkt 10", "url": "https://zakupy.biedronka.pl/bakador-s%C3%A9lection-bakador-s%C3%A9lection-fistaszki-400-g-0000009302.html", "title": "BakaD'Or Sélection Fistaszki 400 g", "brand": "BakaD'Or Sélection", "price": "7.99 PLN", "packaging_details": "0.4kg- 19,98 zł / kg", "description_sections": [{"header": "Składniki i alergeny", "content": "Składniki:Orzeszki ziemne prażone w łupinach. Produkt może zawierać:orzechy, nasionasezamu,mleko(łącznie z laktozą),sojęi glutenpszenny.Alergeny:Orzeszki ziemne (arachidowe) i produkty pochodne, \n\nOrzechyInne informacje o zawartości produktu:Zawiera surowce GMO:Nie"}, {"header": "Wartość odżywcza", "content": "W 100 gWartość energetyczna kcal608 kcalZawartość tłuszczów (ogólnie)49 gKwasy tłuszczowe nasycone7.8 gZawartość węglowodanów14 gCukry5.7 gZawartość błonnika7.3 gZawartość białek24 gZawartość soli0.04 g"}, {"header": "Pozostałe informacje", "content": "Producent:HELIO S.A.Dystrybutor:Jeronimo Martins Polska S.A.Żniwna 5 62-025 KostrzynImporter:Jeronimo Martins Polska S.A.Żniwna 5 62-025 Kostrzyn PLNazwa wymagana prawnie:Orzeszki ziemne prażone w łupinach"}], "images": ["data/images/d10b5b973e935a5887935b749493627c.jpg"], "absolute_path": "Artykuły spożywcze/Przekąski/Bakalie/Produkt 10"}
{"name": "Produkt 13", "url": "https://zakupy.biedronka.pl/top-top-slonecznik-prazony-200-g-0000001655.html", "title": "Top Słonecznik prażony 200 g", "brand": "Top", "price": "3.59 PLN", "packaging_details": "0.2kg- 17,95 zł / kg", "description_sections": [{"header": "Składniki i alergeny", "content": "Składniki:ziarna słonecznika. Produkt może zawierać:orzeszki ziemne,orzechy, zboża zawierajace gluten."}, {"header": "Pozostałe informacje", "content": "Kraj pochodzenia:WęgryKraj pochodzenia zależy od konkretnej partii produktu jaka znajduje się w sklepie. Informację o kraju pochodzenia znajdziesz na opakowaniu. Możesz również dodać komentarz z preferowanym typem produktu w koszyku lub wiadomości dla shoppera (np. “prosze o pomidory polskie”).Nazwa wymagana prawnie:Ziarna słonecznika prażone"}], "images": ["data/images/c3aa3b0ac75393ee176fc308e58b3e39.jpg"], "absolute_path": "Artykuły spożywcze/Przekąski/Bakalie/Produkt 13"}
{"name": "Produkt 3", "url": "https://zakupy.biedronka.pl/lajkonik-lajkonik-krakersy-mini-solone-100-g-0000007380.html", "title": "Lajkonik Krakersy mini solone 100 g", "brand": "Lajkonik", "price": "4.99 PLN", "packaging_details": "0.1kg- 49,90 zł / kg", "description_sections": [{"header": "Składniki i alergeny", "content": "Składniki:mąkapszenna,olej rzepakowy (18 %),cukier,jęczmiennyekstrakt słodowy,sól,dekstryna,substancje spulchniające: wodorowęglan amonu, wodorowęglan sodu,słodka serwatka w proszku (zmleka),drożdżeAlergeny:Zawiera Jęczmień, \n\nMoże zawierać Jaja, \n\nZawiera Mleko, \n\nMoże zawierać Sezam, \n\nZawiera PszenicaInne informacje o zawartości produktu:Drożdże:Zawiera"}, {"header": "Wartość odżywcza", "content": "W 100 gWartość energetyczna472 kcalTłuszcz21 gw tym kwasy tłuszczowe nasycone1.8 gWęglowodany62 gw tym cukry6 gBłonnik1.7 gBiałko7.8 gSól1.4 g"}, {"header": "Pozostałe informacje", "content": "Producent:Lajkonik Snacks Sp. z o.o.\nul. Piłsudskiego 1,\n32-050 Skawina,\nPolska\nwww.lajkonik.pl\ninfolinia 801 567 369\nKoszt połączenia według lokalnej taryfyNazwa wymagana prawnie:Krakersy solone."}], "images": ["data/images/0d64007d03510cf0b4e1e8a24b0e33bb.jpg"], "absolute_path": "Artykuły spożywcze/Słone przekąski/Krakersy/Produkt 3"}
{"name": "Produkt 1", "url": "https://zakupy.biedronka.pl/lajkonik-lajkonik-krakersy-super-180-g-0000007381.html", "title": "Lajkonik Krakersy super 180 g", "brand": "Lajkonik", "price": "4.99 PLN", "packaging_details": "0.18kg- 27,72 zł / kg", "description_sections": [{"header": "Składniki i alergeny", "content": "Składniki:mąkapszenna,olej rzepakowy (21 %),jęczmiennyekstrakt słodowy,substancje spulchniające: wodorowęglan amonu, wodorowęglan sodu,sól,glukoza,jajaw proszku,emulgator: lecytynyAlergeny:Zawiera Jęczmień, \n\nZawiera Jaja, \n\nMoże zawierać Mleko, \n\nMoże zawierać Sezam, \n\nZawiera Pszenica"}, {"header": "Wartość odżywcza", "content": "W 100 gWartość energetyczna469 kcalTłuszcz20 gw tym kwasy tłuszczowe nasycone1.6 gWęglowodany62 gw tym cukry2.9 gBłonnik2.4 gBiałko9.1 gSól1.9 g"}, {"header": "Pozostałe informacje", "content": "Producent:Lajkonik Snacks Sp. z o.o.\nul. Piłsudskiego 1,\n32-050 Skawina,\nPolska\nwww.lajkonik.pl\ninfolinia 801 567 369\nKoszt połączenia według lokalnej taryfyNazwa wymagana prawnie:Krakersy solone"}], "images": ["data/images/d378596a53e8063e516ded0a7802cb32.jpg"], "absolute_path": "Artykuły spożywcze/Słone przekąski/Krakersy/Produkt 1"}
{"name": "Produkt 12", "url": "https://zakupy.biedronka.pl/bakador-s%C3%A9lection-bakador-s%C3%A9lection-slonecznik-luskany-300-g-0000007088.html", "title": "BakaD'Or Sélection Słonecznik łuskany 300 g", "brand": "BakaD'Or Sélection", "price": "4.19 PLN", "packaging_details": "0.3kg- 13,97 zł / kg", "description_sections": [{"header": "Opis produktu", "content": "Ziarno słonecznika jest naturalnym źródłem żelaza. Żelazo pomaga w prawidłowej produkcji czerwonych krwinek i hemoglobiny, w prawidłowym funkcjonowaniu układu odpornościowego oraz przyczynia się do zmniejszenia uczucia zmęczenia i znużenia. Korzystne działanie występuje w przypadku spożycia 2 porcji dziennie. Pamiętaj, że zrównoważona dieta i zrównoważony styl życia są bardzo ważne dla zachowania dobrego samopoczucia i zdrowia."}, {"header": "Składniki i alergeny", "content": "Składniki:ziarno słonecznika łuskane. Produkt może zawieraćorzeszki ziemne,orzechy, nasionasezamu,soję,mleko,jaja,dwutlenek siarkiisiarczyny.Inne informacje o zawartości produktu:Zawiera surowce GMO:Nie, \n\nDodatkowe informacje na temat produktu:Pomimo dołożenia z naszej strony wszelkich starań ziarna słonecznika mogą sporadycznie zawierać części łupin."}, {"header": "Wartość odżywcza", "content": "W 100 gWartość energetyczna kcal618 kcalZawartość tłuszczów (ogólnie)52 gKwasy tłuszczowe nasycone5.1 gZawartość węglowodanów12 gCukry2.2 gZawartość błonnika8.5 gZawartość białek21 gZawartość soli0.01 gWitaminy i składniki mineralnew 100 g% RWS w 100 gŻelazo4.6 mg0%Żelazo (%RWS)33 %RWS0%"}, {"header": "Pozostałe informacje", "content": "Producent:Atlanta Poland S. A.Dystrybutor:Jeronimo Martins Polska S.A.Żniwna 5 62-025 KostrzynImporter:Jeronimo Martins Polska S.A.Żniwna 5 62-025 Kostrzyn PLNazwa wymagana prawnie:Ziarno słonecznika łuskane"}], "images": ["data/images/1d2fe3b775b023579809089ed70244f7.jpg", "data/images/acf14b03144401ebad033391c504558e.jpg"], "absolute_path": "Artykuły spożywcze/Przekąski/Bakalie/Produkt 12"}
{"name": "Produkt 2", "url": "https://zakupy.biedronka.pl/lajkonik-lajkonik-talarki-krakowskie-200-g-0000008782.html", "title": "Lajkonik Talarki krakowskie 200 g", "brand": "Lajkonik", "price": "5.75 PLN", "packaging_details": "0.2kg- 31,94 zł / kg", "description_sections": [{"header": "Składniki i alergeny", "content": "Składniki:mąkapszenna,olej rzepakowy (11 %),sól,sól morska,regulator kwasowości: wodorotlenek sodu,jęczmiennyekstrakt słodowy,drożdżeAlergeny:Zawiera Jęczmień, \n\nMoże zawierać Jaja, \n\nMoże zawierać Mleko, \n\nMoże zawierać Sezam, \n\nZawiera PszenicaInne informacje o zawartości produktu:Drożdże:Zawiera"}, {"header": "Wartość odżywcza", "content": "W 100 gWartość energetyczna432 kcalTłuszcz13 gw tym kwasy tłuszczowe nasycone1.2 gWęglowodany66 gw tym cukry2.1 gBłonnik3.5 gBiałko11 gSól3.1 g"}, {"header": "Pozostałe informacje", "content": "Producent:Lajkonik Snacks Sp. z o.o.\nul. Piłsudskiego 1,\n32-050 Skawina,\nPolska\nwww.lajkonik.pl\ninfolinia 801 567 369\nKoszt połączenia według lokalnej taryfyImporter:Lorenz P.S.A. (dawniej The Lorenz Bahlsen Snack World Sp. z o.o.)Sady, ul. Rolna 6 62-080 Tarnowo Podgórne PLatrawinska@lbsnacks.plNazwa wymagana prawnie:Drobne pieczywo solone"}], "images": ["data/images/1d7dec809e51d8ca18ae9be6a7b53522.jpg"], "absolute_path": "Artykuły spożywcze/Słone przekąski/Krakersy/Produkt 2"}
{"name": "Produkt 3", "url": "https://zakupy.biedronka.pl/lajkonik-lajkonik-junior-safari-drobne-pieczywo-o-smaku-waniliowym-180-g-0000008783.html", "title": "Lajkonik Junior Safari Drobne pieczywo o smaku waniliowym 180 g", "brand": "Lajkonik", "price": "5.75 PLN", "packaging_details": "0.18kg- 31,94 zł / kg", "description_sections": [{"header": "Opis produktu", "content": "Delikatne i kruche przekąski dla fanów chrupania w różnym wiekuWypiekamy je w Skawinie pod Krakowem z mąki z wyselekcjonowanych ziaren, według dopracowanych receptur.Nie zawierają- barwników- konserwantów- dodatku wzmacniaczy smakuSubrand:Junior"}, {"header": "Składniki i alergeny", "content": "Składniki:mąkapszenna,olej rzepakowy,cukier,sól,regulator kwasowości: wodorotlenek sodu,jęczmiennyekstrakt słodowy,aromat wanilinowy,drożdżeAlergeny:Zawiera Jęczmień, \n\nMoże zawierać Jaja, \n\nMoże zawierać Mleko, \n\nMoże zawierać Sezam, \n\nZawiera PszenicaInne informacje o zawartości produktu:Barwniki:Nie zawiera, \n\nSmaki / Aromaty:Zawiera, \n\nkonserwanty:Nie zawiera, \n\nDrożdże:Zawiera"}, {"header": "Wartość odżywcza", "content": "W 100 gWartość energetyczna419 kcalTłuszcz11 gw tym kwasy tłuszczowe nasycone1 gWęglowodany67 gw tym cukry4.8 gBłonnik3.9 gBiałko11 gSól1.7 g"}, {"header": "Pozostałe informacje", "content": "Producent:Lajkonik Snacks Sp. z o.o.\nul. Piłsudskiego 1,\n32-050 Skawina,\nPolska\nwww.lajkonik.pl\ninfolinia 801 567 369\nKoszt połączenia według lokalnej taryfyNazwa wymagana prawnie:Lajkonik Junior Safari Drobne pieczywo o smaku waniliowym 180 g"}], "images": ["data/images/6c77fefdd6d6b3f17e3ca2a0dd5106c6.jpg"], "absolute_path": "Artykuły spożywcze/Słone przekąski/Paluszki/Produkt 3"}
{"name": "Produkt 1", "url": "https://zakupy.biedronka.pl/lajkonik-lajkonik-precelki-chrupkie-180-g-0000008781.html", "title": "Lajkonik Precelki chrupkie 180 g", "brand": "Lajkonik", "price": "5.49 PLN", "packaging_details": "0.18kg- 30,50 zł / kg", "description_sections": [{"header": "Składniki i alergeny", "content": "Składniki:mąkapszenna,olej rzepakowy (5 %),sól,regulator kwasowości: wodorotlenek sodu,sól morska,drożdże,jęczmiennyekstrakt słodowy,substancja spulchniająca: wodorowęglan soduAlergeny:Zawiera Jęczmień, \n\nMoże zawierać Jaja, \n\nMoże zawierać Mleko, \n\nMoże zawierać Sezam, \n\nZawiera PszenicaInne informacje o zawartości produktu:Drożdże:Zawiera"}, {"header": "Wartość odżywcza", "content": "W 100 gWartość energetyczna409 kcalTłuszcz7.3 gw tym kwasy tłuszczowe nasycone0.7 gWęglowodany72 gw tym cukry3.1 gBłonnik3.6 gBiałko12 gSól3 g"}, {"header": "Pozostałe informacje", "content": "Producent:Lajkonik Snacks Sp. z o.o.\nul. Piłsudskiego 1,\n32-050 Skawina,\nPolska\nwww.lajkonik.pl\ninfolinia 801 567 369\nKoszt połączenia według lokalnej taryfyImporter:Lorenz P.S.A. (dawniej The Lorenz Bahlsen Snack World Sp. z o.o.)Sady, ul. Rolna 6 62-080 Tarnowo Podgórne PLatrawinska@lbsnacks.plNazwa wymagana prawnie:Precelki słone."}], "images": ["data/images/ea23ee22fa099646fd4bec72ec2d40d3.jpg"], "absolute_path": "Artykuły spożywcze/Słone przekąski/Paluszki/Produkt 1"}
{"name": "Produkt 4", "url": "https://zakupy.biedronka.pl/lajkonik-lajkonik-krakers-mini-o-smaku-serpluscebulka-100-g-0000007379.html", "title": "Lajkonik Krakers mini o smaku ser+cebulka 100 g", "brand": "Lajkonik", "price": "4.99 PLN", "packaging_details": "0.1kg- 49,90 zł / kg", "description_sections": [{"header": "Składniki i alergeny", "content": "Składniki:mąkapszenna,olej rzepakowy (18 %),cukier,jęczmiennyekstrakt słodowy,słodka serwatka w proszku (zmleka),sól,dekstryna,cebula w proszku (1,2 %),substancje spulchniające: wodorowęglan amonu,wodorowęglan sodu,aromat (zawiera produktymleczne),serw proszku (zmleka) (0,2 %),drożdże,barwnik: ekstrakt z papryki,ekstrakt drożdżowyAlergeny:Zawiera Jęczmień, \n\nMoże zawierać Jaja, \n\nZawiera Mleko, \n\nMoże zawierać Sezam, \n\nZawiera PszenicaInne informacje o zawartości produktu:Barwniki:Zawiera, \n\nSmaki / Aromaty:Zawiera, \n\nDrożdże:Zawiera"}, {"header": "Wartość odżywcza", "content": "W 100 gWartość energetyczna468 kcalTłuszcz21 gw tym kwasy tłuszczowe nasycone1.7 gWęglowodany60 gw tym cukry7.1 gBłonnik2.3 gBiałko8.5 gSól1.7 g"}, {"header": "Pozostałe informacje", "content": "Producent:Lajkonik Snacks Sp. z o.o.\nul. Piłsudskiego 1,\n32-050 Skawina,\nPolska\nwww.lajkonik.pl\ninfolinia 801 567 369\nKoszt połączenia według lokalnej taryfyNazwa wymagana prawnie:Krakersy o smaku sera i cebulki."}], "images": ["data/images/ab57aec581c31e17785d920fe93fc9b3.jpg"], "absolute_path": "Artykuły spożywcze/Słone przekąski/Krakersy/Produkt 4"}
{"name": "Produkt 4", "url": "https://zakupy.biedronka.pl/lajkonik-lajkonik-paluszki-junior-200-g-0000010573.html", "title": "Lajkonik Paluszki Junior 200 g", "brand": "Lajkonik", "price": "4.69 PLN", "packaging_details": "0.2kg- 23,45 zł / kg", "description_sections": [{"header": "Opis produktu", "content": "Delikatne i kruche paluszki dla fanów chrupania w różnym wiekuWypiekamy je w Skawinie pod Krakowem z mąki z wyselekcjonowanych ziaren, według dopracowanych receptur.Nie zawierają- barwników- konserwantów- dodatku wzmacniaczy smaku"}, {"header": "Składniki i alergeny", "content": "Składniki:mąkapszenna,olej rzepakowy,cukier,sól,jęczmiennyekstrakt słodowy,regulator kwasowości: wodorotlenek sodu,drożdże,substancja spulchniająca: wodorowęglan amonu,aromat wanilinowyAlergeny:Zawiera Jęczmień, \n\nMoże zawierać Sezam, \n\nZawiera PszenicaInne informacje o zawartości produktu:Zawiera surowce GMO:Nie"}, {"header": "Wartość odżywcza", "content": "W 100 gWartość energetyczna406 kcalTłuszcz5.9 gw tym kwasy tłuszczowe nasycone0.6 gWęglowodany75 gw tym cukry5.7 gBłonnik2.6 gBiałko12 gSól1.9 g"}, {"header": "Pozostałe informacje", "content": "Producent:Lajkonik Snacks Sp. z o.o.\nul. Piłsudskiego 1,\n32-050 Skawina,\nPolska\nwww.lajkonik.pl\ninfolinia 801 567 369\nKoszt połączenia według lokalnej taryfyImporter:Lorenz P.S.A. (dawniej The Lorenz Bahlsen Snack World Sp. z o.o.)Sady, ul. Rolna 6 62-080 Tarnowo Podgórne PLatrawinska@lbsnacks.plNazwa wymagana prawnie:Paluszki o smaku waniliowym"}], "images": ["data/images/49f8c3c9294b5248a54585ddc6701200.jpg"], "absolute_path": "Artykuły spożywcze/Słone przekąski/Paluszki/Produkt 4"}
{"name": "Produkt 2", "url": "https://zakupy.biedronka.pl/lajkonik-lajkonik-paluszki-slone-200-g-0000010987.html", "title": "Lajkonik Paluszki Słone 200 g", "brand": "Lajkonik", "price": "4.69 PLN", "packaging_details": "0.2kg- 23,45 zł / kg", "description_sections": [{"header": "Opis produktu", "content": "Najbardziej znane słone paluszki w Polsce. Tajemnica Legendarnego Smaku tkwi w starannie dobieranych składnikach, polskiej mące oraz od lat niezmiennej, tradycyjnej recepturze. Sięgając po Paluszki Lajkonik można mieć pewność, że jest to produkt najwyższej jakości. Ponadto, proces wypiekania sprawia, iż wyróżniają się spośród innych przekąsek stosunkowo niską kalorycznością. Wyjątkowo chrupiące, rumiane, idealnie posolone Paluszki Lajkonik zdobyły zaufanie naszych konsumentów i już od kilkudziesięciu lat towarzyszą Polakom każdego dnia."}, {"header": "Składniki i alergeny", "content": "Składniki:mąkapszenna, sól, olej rzepakowy (2,5 %), drożdże, regulator kwasowości: wodorotlenek sodu;jęczmiennyekstrakt słodowy, substancja spulchniająca: wodorowęglan amonu. Może zawieraćsezam."}, {"header": "Pozostałe informacje", "content": "Kraj pochodzenia:PolskaKraj pochodzenia zależy od konkretnej partii produktu jaka znajduje się w sklepie. Informację o kraju pochodzenia znajdziesz na opakowaniu. Możesz również dodać komentarz z preferowanym typem produktu w koszyku lub wiadomości dla shoppera (np. “prosze o pomidory polskie”).Dystrybutor:Jeronimo Martins Polska S.A.Żniwna 5 62-025 Kostrzyn PLImporter:Jeronimo Martins Polska S.A.Żniwna 5 62-025 Kostrzyn PLNazwa wymagana prawnie:Paluszki słone"}], "images": ["data/images/65ab79eebcf6a5cde454147e0a558b0b.jpg"], "absolute_path": "Artykuły spożywcze/Słone przekąski/Paluszki/Produkt 2"}
{"name": "Produkt 2", "url": "https://zakupy.biedronka.pl/hit-hit-markizy-czekoladowe-ciastka-220-g-0000006397.html", "title": "Hit Markizy czekoladowe ciastka 220 g", "brand": "Hit", "price": "5.49 PLN", "packaging_details": "0.22kg- 24,95 zł / kg", "description_sections": [{"header": "Opis produktu", "content": "Herbatniki-markizy z kremem o smaku czekoladowym (41 %)"}, {"header": "Składniki i alergeny", "content": "Składniki:mąka PSZENNA, cukier, tłuszcze roślinne (palma), skrobia (PSZENICA), kakao o obniżonej zawartości tłuszczu, syrop glukozowo-fruktozowy, serwatka w proszku (MLEKO), substancje spulchniające: węglany amonu i węglany sodu, czekolada (0,1%) [miazga kakaowa, cukier, tłuszcz kakaowy, produkt serwatkowy (MLEKO), emulgator: lecytyny, aromat], sól, kwas: kwas cytrynowy, emulgator: lecytyny, MLEKO w proszku odtłuszczone, aromaty. Może zawierać JAJA, MIGDAŁY, ORZECHY LASKOWE.Alergeny:Mleko i produkty pochodne (łącznie z laktozą), \n\nZboża zawierajace gluten, \n\nPszenica i produkty z pszenicy, \n\nOrzechyInne informacje o zawartości produktu:Zawiera surowce GMO:Nie, \n\nOsłonka niejadalna:Nie, \n\nInformacje szczegółowe dotyczące środków słodzących:Nie, \n\nZawiera lukrecję:Nie, \n\nZawiera chininę:Nie, \n\nZawiera taurynę:Nie, \n\nZawiera przeciwutleniacze:Nie, \n\nZawiera wzmacniacze smaku:Nie, \n\nZawiera fosforany:Nie, \n\nZawiera barwniki:Nie, \n\nZawiera substancje konserwujące:Nie, \n\nZawiera kofeinę:Nie, \n\nŚrodki spozywcze z dodatkiem fitosteroli, estrów fitosteroli, fitostanoli lub estrów fitostanoli:Nie"}, {"header": "Wartość odżywcza", "content": "W 100 gWartość energetyczna kcal496 kcalZawartość tłuszczów (ogólnie)23 gKwasy tłuszczowe nasycone16 gZawartość węglowodanów64 gCukry30 gZawartość białek6.9 gZawartość soli0.59 g"}, {"header": "Pozostałe informacje", "content": "Kraj pochodzenia:PolskaKraj pochodzenia zależy od konkretnej partii produktu jaka znajduje się w sklepie. Informację o kraju pochodzenia znajdziesz na opakowaniu. Możesz również dodać komentarz z preferowanym typem produktu w koszyku lub wiadomości dla shoppera (np. “prosze o pomidory polskie”).Producent:Bahlsen Polska spółka z ograniczoną odpowiedzialnością sp.k.\nul. Piłsudskiego 1\n32-050 Skawina\nPolskaDystrybutor:Bahlsen Polska Spółka z ograniczoną odpowiedzialnością Sp.k.Piłsudskiego 1 32-050 SkawinaImporter:Bahlsen Polska Spółka z ograniczoną odpowiedzialnością Sp.k.Piłsudskiego 1 32-050 Skawina PLNazwa wymagana prawnie:Herbatniki-markizy z kremem o smaku czekoladowym (41%)"}], "images": ["data/images/13a4967d35483f338d4ec63c97be68c4.jpg"], "absolute_path": "Artykuły spożywcze/Słodycze/Ciastka/Produkt 2"}
{"name": "Produkt 1", "url": "https://zakupy.biedronka.pl/delicje-delicje-szampanskie-biszkopty-z-galaretka-pomaranczowa-oblewane-czekolada-147-g-0000005795.html", "title": "Delicje Szampańskie Biszkopty z galaretką pomarańczową oblewane czekoladą 147 g", "brand": "Delicje", "price": "5.49 PLN", "packaging_details": "0.147kg- 37,35 zł / kg", "description_sections": [{"header": "Opis produktu", "content": "Bez substancji konserwujących"}, {"header": "Składniki i alergeny", "content": "Składniki:syrop glukozowo-fruktozowy,cukier,czekolada 15 % [cukier, miazga kakaowa, tłuszcz kakaowy, tłuszcze roślinne (palmowy, shea, w zmiennych proporcjach), emulgatory (lecytynysojowe, E 476), aromat],mąkapszenna,jaja,woda,skrobia ziemniaczana,zagęszczony sok pomarańczowy 1,5 %,substancja utrzymująca wilgoć (glicerol),olej rzepakowy,substancja żelująca (pektyny),regulatory kwasowości (kwas cytrynowy, kwas jabłkowy, cytryniany sodu),sól,aromaty,substancja spulchniająca (węglany amonu),emulgator (E 471),barwniki (karoteny),odtłuszczonemlekow proszku,Oprócz tłuszczu kakaowego czekolada zawiera tłuszcze roślinneAlergeny:Może zawierać Migdały, \n\nMoże zawierać Orzechy brazylijskie, \n\nMoże zawierać Orzechy nerkowca, \n\nZawiera Jaja, \n\nMoże zawierać Orzechy laskowe, \n\nMoże zawierać Orzechy makadamia / Orzechy Queensland, \n\nZawiera Mleko, \n\nMoże zawierać Orzechy, \n\nMoże zawierać Orzeszki pekan, \n\nMoże zawierać Pistacje/orzechy pistacjowe, \n\nZawiera Soja, \n\nMoże zawierać Orzechy włoskie, \n\nZawiera PszenicaInne informacje o zawartości produktu:Barwniki:Zawiera, \n\nSmaki / Aromaty:Zawiera, \n\nkonserwanty:Nie zawiera, \n\nSyrop glukozowy lub glukozowo-fruktozowy:Zawiera"}, {"header": "Wartość odżywcza", "content": "W 100 gWartość energetyczna359 kcalTłuszcz7.1 gw tym kwasy tłuszczowe nasycone3.3 gWęglowodany70 gw tym cukry51 gBłonnik1.3 gBiałko3.4 gSól0.23 g"}, {"header": "Pozostałe informacje", "content": "Producent:Mondelez Polska sp. z o.o.Dystrybutor:Mondelez Polska sp. z o.o.ul. Domaniewska 49 02-672 Warszawa Infolinia 801 066 006Importer:Mondelez Polska sp z o.o.Domaniewska 49 02-672 Warszawa PLNazwa wymagana prawnie:Biszkopty z galaretką pomarańczową (52 %) oblewane czekoladą (15 %)."}], "images": ["data/images/090433b3cb5de6d8053296f1a1c77e93.jpg"], "absolute_path": "Artykuły spożywcze/Słodycze/Ciastka/Produkt 1"}
{"name": "Produkt 3", "url": "https://zakupy.biedronka.pl/bonitki-bonitki-herbatniki-petit-beurre-400-g-0000005873.html", "title": "Bonitki Herbatniki Petit Beurre 400 g", "brand": "Bonitki", "price": "4.55 PLN", "packaging_details": "0.4kg- 11,38 zł / kg", "description_sections": [{"header": "Składniki i alergeny", "content": "Składniki:mąkapszenna68%, cukier, olej palmowy, substancje spulchniające: węglany amonu, węglany sodu;mlekow proszku odtłuszczone, sól, emulgator: lecytyny; aromat, regulatory kwasowości: kwas cytrynowy; środki do przetwarzania mąki: difosforany, pirosiarczyn sodu."}, {"header": "Pozostałe informacje", "content": "Nazwa wymagana prawnie:Herbatniki \"Petit Beurre\""}], "images": ["data/images/bc9a04cda576c734fee9b549d240d34d.jpg"], "absolute_path": "Artykuły spożywcze/Słodycze/Ciastka/Produkt 3"}
{"name": "Produkt 2", "url": "https://zakupy.biedronka.pl/top-top-popcorn-o-smaku-maslanym-3-x-100-g-0000015474.html", "title": "Top Popcorn o smaku maślanym 3 x 100 g", "brand": "Top", "price": "5.99 PLN", "packaging_details": "0.3kg- 19,97 zł / kg", "description_sections": [{"header": "Opis produktu", "content": "Nutriscore:D"}, {"header": "Składniki i alergeny", "content": "Składniki:ziarno kukurydzy 83 % (bez GMO), tłuszcz palmowy, sól 1,9 %, proszekmaślany0,4 % (masło90 %, białkamleka, serwatka zmleka), aromat, barwnik: karoteny. Produkt może zawierać:orzeszki ziemne,orzechy, nasionasezamu, glutenpszennyisoję.Alergeny:Mleko i produkty pochodne (łącznie z laktozą)Inne informacje o zawartości produktu:Zawiera surowce GMO:Nie, \n\nZawiera barwniki:Tak, \n\nZawiera aromaty:Tak, \n\nPoziom znakowania Nutriscore:D"}, {"header": "Wartość odżywcza", "content": "W 100 gWartość energetyczna kcal408 kcalZawartość tłuszczów (ogólnie)19 gKwasy tłuszczowe nasycone8.6 gZawartość węglowodanów45 gCukry1.2 gZawartość błonnika12 gZawartość białek8.8 gZawartość soli1.9 g"}, {"header": "Przechowywanie i sposób przygotowania", "content": "Sposób przygotowania:1. WYJMIJ TOREBKĘ Z FOLII.2. ROZŁÓŻ TOREBKĘ I WŁÓŻ DO KUCHENKI.3. USTAW KUCHENKĘ NA CZAS 2-4 MINUTY W ZALEZNOŚCI OD JEJ MOCY MAKSYMALNEJ *.4. NASŁUCHUJ ODGŁOSU PĘKAJĄCYCH ZIAREN, GDY PRZERWA POMIĘDZYPĘKANIEM ZIAREN WYDŁUŻY SIĘ DO 1-2 SEKUNDPOPCORN JEST GOTOWY.5. OSTROŻNIE WYJMIJ GORĄCĄ TOREBKĘ I KILKUKROTNIE POTRZĄŚNIJ ABYROWNOMIERNIE ROZPOROWADZIĆ SÓL.6. OTWÓRZ, UWAŻAJĄC NA GORĄCĄ PARĘ.*PRZYBLIŻONY CZAS PRZYGOTOWANIA:MOC MIKROFALÓWKI 1000 W CZAS OK. 2 MINMOC MIKROFALÓWKI 800 W CZAS 2,5-3 MINMOC MIKROFALÓWKI 600 W CZAS 3-4 MIN"}, {"header": "Pozostałe informacje", "content": "Dystrybutor:Jeronimo Martins Polska S.A.Żniwna 5 62-025 KostrzynNazwa wymagana prawnie:Ziarno kukurydzy o smaku maślanym z dodatkiem soli do przygotowania popcornu o smaku maślanym w kuchence mikrofalowej."}], "images": ["data/images/c24a27b0a5d06121e5db6a84ec4c5836.jpg", "data/images/bb33f1c0896a8e28cf32bf1589473c06.jpg", "data/images/9b37737df16c3a9d93b601a49aad5dc3.jpg", "data/images/6f30cda74fd2300456e18d591dfad74c.jpg"], "absolute_path": "Artykuły spożywcze/Słone przekąski/Popcorn/Produkt 2"}
{"name": "Produkt 1", "url": "https://zakupy.biedronka.pl/top-top-solony-popcorn-3-x-100-g-0000015287.html", "title": "Top Solony popcorn 3 x 100 g", "brand": "Top", "price": "5.99 PLN", "packaging_details": "0.3kg- 19,97 zł / kg", "description_sections": [{"header": "Opis produktu", "content": "Nutriscore:D"}, {"header": "Składniki i alergeny", "content": "Składniki:ziarna kukurydzy 84%, tłuszcz palmowy, sól 2,4%Inne informacje o zawartości produktu:Zawiera surowce GMO:Nie, \n\nZawiera olej palmowy:Tak, \n\nPoziom znakowania Nutriscore:D"}, {"header": "Wartość odżywcza", "content": "W 100 gWartość energetyczna kcal402 kcalZawartość tłuszczów (ogólnie)18 gKwasy tłuszczowe nasycone8.1 gZawartość węglowodanów46 gCukry1.2 gZawartość błonnika12 gZawartość białek8.9 gZawartość soli2.4 g"}, {"header": "Przechowywanie i sposób przygotowania", "content": "Sposób przygotowania:1. Wyjmij torebkę z folii.2. Rozłóż torebkę i włóż do kuchenki.3. Ustaw kuchenkę na czas 2-4 minuty w zależności od jej mocy maksymalnej.4. Nasłuchuj odgłosu pękających ziaren, gdy przerwa pomiędzy pękaniem ziaren wydłuży się do 1-2 sekund - popcorn jest gotowy.5. Ostrożnie wyjmij gorącą torebkę i kilkukrotnie potrząśnij, aby równomiernie rozprowadzić sól.6. Otwórz uważając na gorącą parę."}, {"header": "Pozostałe informacje", "content": "Dystrybutor:Jeronimo Martins Polska S.A.Żniwna 5 62-025 KostrzynNazwa wymagana prawnie:Ziarno kukurydzy solone do przygotowania popcornu solonego w kuchence mikrofalowej"}], "images": ["data/images/45b6df9a305396a23cfb683db4b8b623.jpg", "data/images/85fc3f7a857a033590e4ad9d6a655f30.jpg", "data/images/d501198a61521070d2e07f7b8f50661a.jpg", "data/images/a083ac261c2f09ab186ab0106ee672a7.jpg", "data/images/6eaf2c0ea52cf02dcadc7b9636a5b0a3.jpg", "data/images/cc34b6705fb51c299df3c1dbbff5edd9.jpg", "data/images/45b6df9a305396a23cfb683db4b8b623.jpg", "data/images/85fc3f7a857a033590e4ad9d6a655f30.jpg", "data/images/d501198a61521070d2e07f7b8f50661a.jpg", "data/images/a083ac261c2f09ab186ab0106ee672a7.jpg", "data/images/6eaf2c0ea52cf02dcadc7b9636a5b0a3.jpg", "data/images/cc34b6705fb51c299df3c1dbbff5edd9.jpg"], "absolute_path": "Artykuły spożywcze/Słone przekąski/Popcorn/Produkt 1"}
{"name": "Produkt 7", "url": "https://zakupy.biedronka.pl/lotus--lotus-biscoff-herbatniki-karmelizowane-125-g-0000009168.html", "title": "Lotus Biscoff Herbatniki karmelizowane 125 g", "brand": "Lotus", "price": "4.19 PLN", "packaging_details": "0.125kg- 33,52 zł / kg", "description_sections": [{"header": "Opis produktu", "content": "Subrand:Biscoff"}, {"header": "Składniki i alergeny", "content": "Składniki:mąkapszenna,cukier,oleje roślinne (palmowy*, rzepakowy),syrop cukru skarmelizowanego,substancja spulchniająca (wodorowęglan sodu),mąka sojowa,sól,cynamon,*ze zrównoważonych i certyfikowanych uprawAlergeny:Zawiera Soja, \n\nZawiera Pszenica"}, {"header": "Wartość odżywcza", "content": "W 100 gWartość energetyczna484 kcalTłuszcz19 gw tym kwasy tłuszczowe nasycone8 gWęglowodany72.6 gw tym cukry38.1 gBłonnik1.3 gBiałko4.9 gSól0.92 g"}, {"header": "Pozostałe informacje", "content": "Dystrybutor:North Coast S.A.ul. 3 Maja 8 05-800 PruszkówNazwa wymagana prawnie:Lotus Biscoff Herbatniki karmelizowane 125 g"}], "images": ["data/images/adf8918ff2700169fce69d056c756278.jpg"], "absolute_path": "Artykuły spożywcze/Słodycze/Ciastka/Produkt 7"}
{"name": "Produkt 6", "url": "https://zakupy.biedronka.pl/lubisie-lubisie-czekoladowe-ciastka-biszkoptowe-z-nadzieniem-czekoladowym-150-g-0000004351.html", "title": "Lubisie Czekoladowe ciastka biszkoptowe z nadzieniem czekoladowym 150 g", "brand": "Lubisie", "price": "5.49 PLN", "packaging_details": "0.15kg- 36,60 zł / kg", "description_sections": [{"header": "Opis produktu", "content": "Ciastko biszkoptowe z nadzieniem czekoladowym (30 %)."}, {"header": "Składniki i alergeny", "content": "Składniki:Składniki: mąkapszenna23,6 %, syrop glukozowo-fruktozowy,jaja12,3 %, cukier, olej rzepakowy 11 %, czekolada 6 % [miazga kakaowa, cukier, kakao w proszku o obniżonej zawartości tłuszczu, emulgator (lecytynysojowe)], stabilizator (glicerol), skrobiapszenna, słodka serwatka w proszku (zmleka), odtłuszczonemlekow proszku 1,1 %*, pełnemlekow proszku 0,8 %*, substancje spulchniające (difosforany, węglany potasu), syrop glukozowy, emulgatory (E 472b, E 475, lecytynysojowe), kakao w proszku o obniżonej zawartości tłuszczu 0,3 %, sól, naturalny aromat. *ekwiwalentmleka17 %. Może zawieraćorzechy.Alergeny:Soja i produkty pochodne, \n\nJaja i produkty pochodneInne informacje o zawartości produktu:Zawiera surowce GMO:Nie"}, {"header": "Wartość odżywcza", "content": "W 100 gWartość energetyczna kcal393 kcalZawartość tłuszczów (ogólnie)16 gKwasy tłuszczowe nasycone3 gZawartość węglowodanów60 gCukry29 gZawartość białek5 gZawartość soli0.58 g"}, {"header": "Pozostałe informacje", "content": "Kraj pochodzenia:PolskaKraj pochodzenia zależy od konkretnej partii produktu jaka znajduje się w sklepie. Informację o kraju pochodzenia znajdziesz na opakowaniu. Możesz również dodać komentarz z preferowanym typem produktu w koszyku lub wiadomości dla shoppera (np. “prosze o pomidory polskie”).Producent:Mondelez Polska sp. z o.o.Dystrybutor:Mondelez Polska sp. z o.o.ul. Domaniewska 49 02-672 WarszawaImporter:Mondelez Polska sp z o.o.Domaniewska 49 02-672 Warszawa PLNazwa wymagana prawnie:Ciastko biszkoptowe z nadzieniem czekoladowym (30 %)."}], "images": ["data/images/d48e4cfa8881d1063d88822b8cef5f56.jpg"], "absolute_path": "Artykuły spożywcze/Słodycze/Ciastka/Produkt 6"}
{"name": "Produkt 8", "url": "https://zakupy.biedronka.pl/milka-milka-choc-and-choc-ciastka-biszkoptowe-przekladane-nadzieniem-kakaowym-oblane-czekolada-mleczna-150-g-0000006406.html", "title": "Milka Choc & Choc Ciastka biszkoptowe przekładane nadzieniem kakaowym oblane czekoladą mleczną 150 g", "brand": "Milka", "price": "8.99 PLN", "packaging_details": "0.15kg- 59,93 zł / kg", "description_sections": [{"header": "Opis produktu", "content": "Ciastka biszkoptowe przekładane nadzieniem kakaowym (24%), oblane czekoladą mleczną z mleka alpejskiego (32%)."}, {"header": "Składniki i alergeny", "content": "Składniki:Składniki: cukier, mąkapszenna, syrop glukozowo-fruktozowy,jaja, olej rzepakowy, tłuszcz kakaowy, odtłuszczonemlekow proszku, serwatka w proszku (zmleka), miazga kakaowa, stabilizator (glicerol), skrobia ziemniaczana, kakao w proszku o obniżonej zawartości tłuszczu (1,5%), tłuszczmleczny, tłuszcz shea, emulgatory (lecytynysojowe, E 475, E 471, E 476), substancje spulchniające (difosforany, węglany sodu), sól, pasta zorzechówlaskowych, modyfikowana skrobia kukurydziana, substancja zagęszczająca (guma kasantanowa), aromaty.Alergeny:Mleko i produkty pochodne (łącznie z laktozą), \n\nSoja i produkty pochodne, \n\nJaja i produkty pochodne, \n\nZboża zawierajace gluten, \n\nPszenica i produkty z pszenicy, \n\nOrzechy, \n\nOrzechy laskowe i produkty z orzechów laskowychInne informacje o zawartości produktu:Zawiera surowce GMO:Nie, \n\nDodatki zawarte w produkcie (E-symbole):E475 Estry kwasów tłuszczowych i poliglicerolu, E471 Mono i diglicerydy kwasów tłuszczowych, E476 Polirycynooleinian, \n\nFunkcje dodatków obecnych w produkcie (zadeklarowanych jako dodatki lub numery E):Emulgator"}, {"header": "Wartość odżywcza", "content": "W 100 gWartość energetyczna kcal454 kcalZawartość tłuszczów (ogólnie)22 gKwasy tłuszczowe nasycone7.9 gZawartość węglowodanów58 gCukry40 gZawartość błonnika1.6 gZawartość białek5.6 gZawartość soli0.58 g"}, {"header": "Pozostałe informacje", "content": "Kraj pochodzenia:PolskaKraj pochodzenia zależy od konkretnej partii produktu jaka znajduje się w sklepie. Informację o kraju pochodzenia znajdziesz na opakowaniu. Możesz również dodać komentarz z preferowanym typem produktu w koszyku lub wiadomości dla shoppera (np. “prosze o pomidory polskie”).Producent:Mondelez Polska sp. z o.o.Importer:Mondelez Polska sp z o.o.Domaniewska 49 02-672 Warszawa PLNazwa wymagana prawnie:Ciastka biszkoptowe przekładane nadzieniem kakaowym (24%), oblane czekoladą mleczną z mleka alpejskiego (32%)."}], "images": ["data/images/18f2b28ee489660bdc694c9644d318a0.jpg"], "absolute_path": "Artykuły spożywcze/Słodycze/Ciastka/Produkt 8"}
{"name": "Produkt 5", "url": "https://zakupy.biedronka.pl/kinder-kinder-cards-wafel-wypelniony-mlecznym-i-kakaowym-nadzieniem-6-szt.-768-g--0000008455.html", "title": "Kinder Cards Wafel wypełniony mlecznym i kakaowym nadzieniem (6 szt.) 76,8 g", "brand": "Kinder", "price": "7.49 PLN", "packaging_details": "76.8g- 0,10 zł / g", "description_sections": [{"header": "Opis produktu", "content": "Wafel wypełniony mlecznym (41,5%) i kakaowym nadzieniem (38%)."}, {"header": "Składniki i alergeny", "content": "Składniki:Składniki: MLEKO odtłuszczone w proszku (28%), cukier, olej palmowy, mąka PSZENNA (15,5%), kakao w proszku o obniżonej zawartości tłuszczu (4%), olej słonecznikowy, emulgator: lecytyny (SOJA), sól, substancja spulchniająca (wodorowęglan sodu), wanilinaAlergeny:Mleko i produkty pochodne (łącznie z laktozą), \n\nSoja i produkty pochodne, \n\nZboża zawierajace gluten, \n\nPszenica i produkty z pszenicyInne informacje o zawartości produktu:Zawiera surowce GMO:Nie"}, {"header": "Wartość odżywcza", "content": "W 100 gWartość energetyczna kcal2157 kcalZawartość tłuszczów (ogólnie)26.9 gKwasy tłuszczowe nasycone12.9 gZawartość węglowodanów55.5 gCukry43 gZawartość białek11.9 gZawartość soli0.44 g"}, {"header": "Pozostałe informacje", "content": "Kraj pochodzenia:PolskaKraj pochodzenia zależy od konkretnej partii produktu jaka znajduje się w sklepie. Informację o kraju pochodzenia znajdziesz na opakowaniu. Możesz również dodać komentarz z preferowanym typem produktu w koszyku lub wiadomości dla shoppera (np. “prosze o pomidory polskie”).Producent:Ferrero Polska Commercial Sp. z o.o.,\nul. Wiertnicza 126,\n02-952 Warszawa\n\nInfolinia Ferrero w Polsce\n801 550 550\nOpłata według stawek operatora\nwww.ferrero.pl\nserwis.konsumencki@ferrero.comImporter:Ferrero Polska Commercial Sp. z o.o.Wiertnicza 126 02-952 Warszawa PLjulia.jaszczur@ferrero.comNazwa wymagana prawnie:Wafel wypełniony mlecznym (41,5%) i kakaowym nadzieniem (38%)."}], "images": ["data/images/455529f222b5b221cf4bc76008ebfb82.jpg"], "absolute_path": "Artykuły spożywcze/Słodycze/Ciastka/Produkt 5"}
{"name": "Produkt 4", "url": "https://zakupy.biedronka.pl/biedronka-biedronka-premium-mieszanka-piernikow-200-g-0000006311.html", "title": "Biedronka Premium Mieszanka pierników 200 g", "brand": "Biedronka", "price": "12.99 PLN", "packaging_details": "0.2kg- 64,95 zł / kg", "description_sections": [{"header": "Składniki i alergeny", "content": "Składniki:mąkapszenna, cukier, syrop glukozowo-fruktozowy, miazga kakaowa, nadzienie morelowe (syrop glukozowo-fruktozowy, morele (40%), cukier, kwas: kwas cytrynowy; regulator kwasowości: cytryniany potasu; aromat naturalny, substancja zagęszczająca: pektyny), tłuszcz kakaowy, cukier kandyzowany,migdały,mlekow proszku pełne, kandyzowane skórki owocowe (skórka cytrynowa, syrop glukozowo-fruktozowy, cukier, skórka pomarańczowa), przyprawy, percepan (pestki moreli, cukier, syrop cukru inwertowanego), substancje spulchniające: węglany sodu, węglany potasu, difosforany, węglany amonu; kandyzowana skórka pomarańczowa (skórka pomarańczowa, syrop glukozowo-fruktozowy. cukier), syrop cukru skarmelizowanego, serwatka w proszku (zmleka), ekstrakt jabłkowy, tłuszczmleczny, substancja utrzymująca wilgoć: sorbitol; skrobia ziemniaczana,jajaw proszku, morele, emulgator: lecytyny (zawierasoję), odtłuszczonemlekow proszku, figi, sól, skrobiapszenna, kwas: kwas cytrynowy, aromat naturalny, substancja zagęszczająca: guma arabska. Może zawierać inneorzechy,orzeszki ziemne,łubin, i nasionasezamu"}, {"header": "Pozostałe informacje", "content": "Nazwa wymagana prawnie:Mieszanka pierników z czekoladą (18%) i czekoladą mleczną (10%)"}], "images": ["data/images/1de57bf303a72ee1d094d21a4c4b5d9e.jpg", "data/images/bdb885d193484eb5effabda2966b5f4c.jpg"], "absolute_path": "Artykuły spożywcze/Słodycze/Ciastka/Produkt 4"}
{"name": "Produkt 13", "url": "https://zakupy.biedronka.pl/hit-hit-minis-markizy-o-smaku-czekoladowym-130-g-0000806767.html", "title": "Hit Minis Markizy o smaku czekoladowym 130 g", "brand": "Hit", "price": "4.49 PLN", "packaging_details": "0.13kg- 34,54 zł / kg", "description_sections": [{"header": "Składniki i alergeny", "content": "Składniki:mąkapszenna,cukier,tłuszcze roślinne (palma),syrop cukru inwertowanego,skrobia (pszenica),kakao o obniżonej zawartości tłuszczu,serwatka w proszku (mleko),substancje spulchniające: węglany sodu i difosforany,sól,mlekow proszku odtłuszczone,czekolada (0,07 %) [miazga kakaowa, cukier, tłuszcz kakaowy, produkt serwatkowy (mleko), emulgator: lecytyny; aromat],kwas: kwas cytrynowy,aromatyAlergeny:Może zawierać Migdały, \n\nMoże zawierać Jaja, \n\nMoże zawierać Orzechy laskowe, \n\nZawiera Mleko, \n\nZawiera PszenicaInne informacje o zawartości produktu:Smaki / Aromaty:Zawiera"}, {"header": "Wartość odżywcza", "content": "W 100 gWartość energetyczna498 kcalTłuszcz23 gw tym kwasy tłuszczowe nasycone14 gWęglowodany65 gw tym cukry27 gBiałko6.4 gSól0.75 g"}, {"header": "Pozostałe informacje", "content": "Producent:Bahlsen Polska spółka z ograniczoną odpowiedzialnością sp.k.,\nul. Piłsudskiego 1,\n32-050 Skawina,\nPolskaDystrybutor:Jeronimo Martins Polska S.A.Żniwna 5 62-025 Kostrzyn PLImporter:Jeronimo Martins Polska S.A.Żniwna 5 62-025 Kostrzyn PLNazwa wymagana prawnie:Herbatniki-markizy z kremem o smaku czekoladowym (27 %); 0,2 % czekolady w kremie."}], "images": ["data/images/ddec36a41e8627c6c7f56a772ffabe07.jpg"], "absolute_path": "Artykuły spożywcze/Słodycze/Ciastka/Produkt 13"}
{"name": "Produkt 11", "url": "https://zakupy.biedronka.pl/milka-milka-sensations-cookies-ciastka-z-kawalkami-czekolady-i-nadzieniem-z-czekolada-mleczna-156-g-0000015343.html", "title": "Milka Sensations Cookies Ciastka z kawałkami czekolady i nadzieniem z czekoladą mleczną 156 g", "brand": "Milka", "price": "8.99 PLN", "packaging_details": "0.156kg- 57,63 zł / kg", "description_sections": [{"header": "Opis produktu", "content": "Wyprodukowane z jajami z chowu ściółkowego"}, {"header": "Składniki i alergeny", "content": "Składniki:cukier,mąkapszenna,jaja(9 %),syrop glukozowy,tłuszcz kakaowy,olej palmowy,serwatka w proszku (zmleka),tłuszczmleczny,kakao w proszku (3,5 %),substancja utrzymująca wilgoć (glicerol),mlekopełne w proszku,miazga kakaowa,skrobia modyfikowana,skrobia ziemniaczana,substancje spulchniające (węglany amonu, difosforany, węglany sodu),sól,błonniksojowyw proszku,emulgator (lecytynysojowe),odtłuszczonemlekow proszku,aromaty"}, {"header": "Pozostałe informacje", "content": "Nazwa wymagana prawnie:Ciastka kakaowe z miękkim środkiem i kawałkami czekolady mlecznej z mleka alpejskiego (20 %)."}], "images": ["data/images/d387229ca06d42a251b6c0f86b588d94.jpg"], "absolute_path": "Artykuły spożywcze/Słodycze/Ciastka/Produkt 11"}
{"name": "Produkt 12", "url": "https://zakupy.biedronka.pl/jezyki-jezyki-herbatniki-w-czekoladzie-mlecznej-kokosowe-140-g-0000015007.html", "title": "Jeżyki Herbatniki w czekoladzie mlecznej kokosowe 140 g", "brand": "Jeżyki", "price": "7.99 PLN", "packaging_details": "0.14kg- 57,07 zł / kg", "description_sections": [{"header": "Składniki i alergeny", "content": "Składniki:czekoladamleczna35,5 % [cukier, tłuszcz kakaowy,mlekow proszku pełne, miazga kakaowa, tłuszcze roślinne (palmowy, shea) w zmiennych proporcjach, serwatka w proszku (zmleka), emulgatory: lecytyny (zsoi) i E 476, aromat],mąkapszenna,cukier,syrop cukru inwertowanego,syrop glukozowy,tłuszcz palmowy,wiórki kokosowe 3,5 %,mlekow proszku pełne,orzechylaskowe2,2 %,masło(zmleka),substancja utrzymująca wilgoć: syrop sorbitolowy,chrupki ryżowe 1,4% [mąka ryżowa,pszennai kukurydziana, cukier, ekstrakt słodowy (z jęczmienia), sól],skrobia,ekstrakt słodowy (z jęczmienia),serwatka w proszku (zmleka),sól,emulgatory: lecytyny (zsoi) E 171,substancje spulchniające E 500, E 450,aromatyAlergeny:Zawiera Jęczmień, \n\nMoże zawierać Jaja, \n\nZawiera Orzechy laskowe, \n\nZawiera Mleko, \n\nMoże zawierać Orzechy, \n\nMoże zawierać Orzeszki ziemne, \n\nZawiera Soja, \n\nZawiera Pszenica"}, {"header": "Wartość odżywcza", "content": "W 100 gWartość energetyczna483 kcalTłuszcz23 gw tym kwasy tłuszczowe nasycone14 gWęglowodany63 gw tym cukry46 gBiałko5.2 gSól0.37 g"}, {"header": "Pozostałe informacje", "content": "Producent:Colian sp. z o.o.\nul. Zdrojowa 1,\n62-860 Opatówek\nPolska\nwww.colian.comImporter:Colian Sp. z o.o.Zdrojowa 1 62-860 Opatówek PLNazwa wymagana prawnie:Herbatniki z karmelem 38,1 %, wiórkami kokosowymi, orzechami laskowymi i chrupkami ryżowymi w czekoladzie mlecznej."}], "images": ["data/images/06612c2ce6bea4278b4d42f444295e03.jpg"], "absolute_path": "Artykuły spożywcze/Słodycze/Ciastka/Produkt 12"}
{"name": "Produkt 9", "url": "https://zakupy.biedronka.pl/milka-milka-pieguski-choco-cookies-ciasteczka-z-kawalkami-czekolady-mlecznej-135-g-0000004337.html", "title": "Milka Pieguski Choco Cookies Ciasteczka z kawałkami czekolady mlecznej 135 g", "brand": "Milka", "price": "6.59 PLN", "packaging_details": "0.135kg- 48,81 zł / kg", "description_sections": [{"header": "Opis produktu", "content": "Milka Pieguski Choco to połączenie chrupiącego ciastka i delikatnych kawałków mlecznej czekolady Milka. Wykonane z wykorzystaniem czekolady produkowanej z alpejskiego mleka - dzięki niemu każde ciastko zapewni wyjątkowe doznanie smakowe. Dostępne w opakowaniu 135 g.  Od ponad 100 lat inspirujemy chwile prawdziwejwięzi między rodzinami, przyjaciółmi i nieznajomymi!Dlatego wszystkie produkty Milka zachęcajądo wspólnego cieszenia i dzielenia się nimi.Klasyczne ciastka Milka Pieguski Choco z wyjątkowymi kawałkami mlecznej czekolady Milka z alpejskiego mleka (135 g). Idealne do dzielenia się z innymi. Chrupiące, złociste ciastko z delikatnymi kawałkami czekolady Milka, którą produkujemy z alpejskiego mleka. Opakowanie 135 g zawiera 10 ciastek Milka Pieguski Choco. Słodka przekąska do wspólnego podjadania z rodziną i przyjaciółmi. Wyprodukowane z mleka alpejskiego i pszenicy z programu Harmony, wspierającego bioróżnorodność oraz lokalne rolnictwo. Poznaj również inne słodkie przekąski Milka - od chrupiących ciastek i wafli po puszyste ciasta i czekoladowe brownie. Pyszna propozycja na każdą okazję.Subrand:Choco Cookie"}, {"header": "Składniki i alergeny", "content": "Składniki:mąka PSZENNA, cukier, olej palmowy, JAJA (5,5%), MLEKO pełne w proszku, miazga kakaowa, tłuszcz kakaowy, syrop glukozowy, skrobia PSZENNA, serwatka w proszku (z MLEKA), substancje spulchniające (difosforany, węglany sodu), sól, emulgator (lecytyny SOJOWE), aromat, białko JAJA w proszkuAlergeny:Może zawierać Migdały, \n\nMoże zawierać Orzechy brazylijskie, \n\nMoże zawierać Orzechy nerkowca, \n\nZawiera Jaja, \n\nMoże zawierać Orzechy makadamia / Orzechy Queensland, \n\nZawiera Mleko, \n\nMoże zawierać Orzeszki pekan, \n\nMoże zawierać Pistacje/orzechy pistacjowe, \n\nZawiera Soja, \n\nMoże zawierać Orzechy włoskie, \n\nZawiera Pszenica"}, {"header": "Wartość odżywcza", "content": "W 100 gWartość energetyczna499 kcalTłuszcz25 gw tym kwasy tłuszczowe nasycone13 gWęglowodany62 gw tym cukry33 gBłonnik1.6 gBiałko6.3 gSól0.82 g"}, {"header": "Pozostałe informacje", "content": "Kraj pochodzenia:HiszpaniaKraj pochodzenia zależy od konkretnej partii produktu jaka znajduje się w sklepie. Informację o kraju pochodzenia znajdziesz na opakowaniu. Możesz również dodać komentarz z preferowanym typem produktu w koszyku lub wiadomości dla shoppera (np. “prosze o pomidory polskie”).Producent:Mondelez Polska S.A. ul. Domaniewska 49, 02-672 WarszawaDystrybutor:Jeronimo Martins Polska S.A.Żniwna 5 62-025 Kostrzyn PLImporter:Jeronimo Martins Polska S.A.Żniwna 5 62-025 Kostrzyn PLNazwa wymagana prawnie:Ciasteczka Z Kawałkami Czekolady Mlecznej Z Mleka Alpejskiego (29 %)."}], "images": ["data/images/453ec62c54468358de5682b069dfbd37.jpg"], "absolute_path": "Artykuły spożywcze/Słodycze/Ciastka/Produkt 9"}
{"name": "Produkt 10", "url": "https://zakupy.biedronka.pl/goplana-goplana-jezyki-classic-ciastka-w-czekoladzie-mlecznej-140-g-0000015427.html", "title": "Goplana Jeżyki Classic ciastka w czekoladzie mlecznej 140 g", "brand": "Goplana", "price": "7.99 PLN", "packaging_details": "0.14kg- 57,07 zł / kg", "description_sections": [{"header": "Opis produktu", "content": "Pyszne ciasteczko z karmelem, orzechami laskowymi i chrupkami ryżowymi oblane mleczną czekoladą"}, {"header": "Składniki i alergeny", "content": "Składniki:czekoladamleczna35,5% [cukier, tłuszcz kakaowy,mlekow proszku pełne, miazga kakaowa, tłuszcze roślinne (palmowy, shea) w zmiennych proporcjach, serwatka w proszku - zmleka, emulgatory - lecytynysojowei E 476, aromat] mąkapszennacukier syrop glukozowy syrop cukru inwertowanego chrupki ryżowe 6,3% (mąka ryżowa,pszennai kukurydziana, cukier, koncentrat słodujęczmiennego, sól) tłuszcz palmowymlekozagęszczone rodzynki (3,3%)orzechylaskowe(3,3%)masło(zmleka) substancja utrzymująca wilgoć (syrop sorbitolowy) ekstrakt słodowy (z jęczmienia) skrobia serwatka w proszku (zmleka) sól emulgatory (lecytynysojowe, E 471) substancje spulchniające (E 503, E 500, E 450) aromatAlergeny:Mleko i produkty pochodne (łącznie z laktozą), \n\nSoja i produkty pochodne, \n\nZboża zawierajace gluten, \n\nPszenica i produkty z pszenicy, \n\nJęczmień i produkty jęczmienne, \n\nOrzechy, \n\nOrzechy laskowe i produkty z orzechów laskowychInne informacje o zawartości produktu:Zawiera surowce GMO:Nie"}, {"header": "Wartość odżywcza", "content": "W 100 gWartość energetyczna kcal479 kcalZawartość tłuszczów (ogólnie)21 gKwasy tłuszczowe nasycone11 gZawartość węglowodanów64 gCukry46 gZawartość białek5.3 gZawartość soli0.43 g"}, {"header": "Pozostałe informacje", "content": "Kraj pochodzenia:PolskaKraj pochodzenia zależy od konkretnej partii produktu jaka znajduje się w sklepie. Informację o kraju pochodzenia znajdziesz na opakowaniu. Możesz również dodać komentarz z preferowanym typem produktu w koszyku lub wiadomości dla shoppera (np. “prosze o pomidory polskie”).Producent:Colian sp. z o.o.\nul. Zdrojowa 1,\n62-860 Opatówek\nPolska\nwww.colian.comDystrybutor:Colian Sp. z o.o.Zdrojowa 1 62-860 OpatówekImporter:Colian Sp. z o.o.Zdrojowa 1 62-860 Opatówek PLNazwa wymagana prawnie:Herbatniki z karmelem 32,3%, orzechami laskowymi, rodzynkami i chrupkami ryżowymi w czekoladzie mlecznej."}], "images": ["data/images/77a586836e96a63e5c4ba0b8ad6afe81.jpg"], "absolute_path": "Artykuły spożywcze/Słodycze/Ciastka/Produkt 10"}
{"name": "Produkt 1", "url": "https://zakupy.biedronka.pl/kinder-kinder-pingui-choco-biszkopt-z-mlecznym-nadzieniem-30-g-0000004686.html", "title": "Kinder Pingui Choco Biszkopt z mlecznym nadzieniem 30 g", "brand": "Kinder", "price": "2.79 PLN", "packaging_details": "0.03kg- 93,00 zł / kg", "description_sections": [{"header": "Opis produktu", "content": "Biszkopt z mlecznym nadzieniem (45%), pokryty czekoladą."}, {"header": "Składniki i alergeny", "content": "Składniki:pasteryzowane MLEKO (21%), czekolada 20% (cukier, miazga kakaowa, tłuszcz kakaowy, emulgator: lecytyny (SOJA); wanilina), cukier, olej palmowy, mąka PSZENNA, MLEKO odtłuszczone w proszku (5%), dekstroza, kakao, MASŁO odwodnione, JAJA, syrop glukozowo-fruktozowy, kakao w proszku o obniżonej zawartości tłuszczu, drożdże, aromaty, emulgator (mono- i diglicerydy kwasów tłuszczowych), sól.Alergeny:Zboża zawierajace glutenInne informacje o zawartości produktu:Zawiera surowce GMO:Nie, \n\nZawiera lukrecję:Nie, \n\nZawiera chininę:Nie, \n\nZawiera taurynę:Nie, \n\nZawiera przeciwutleniacze:Nie, \n\nZawiera wzmacniacze smaku:Nie, \n\nZawiera fosforany:Nie, \n\nZawiera barwniki:Nie, \n\nZawiera substancje konserwujące:Nie, \n\nZawiera kofeinę:Nie, \n\nŚrodki spozywcze z dodatkiem fitosteroli, estrów fitosteroli, fitostanoli lub estrów fitostanoli:Nie"}, {"header": "Wartość odżywcza", "content": "W 100 gWartość energetyczna kcal446 kcalZawartość tłuszczów (ogólnie)28.3 gKwasy tłuszczowe nasycone18.1 gZawartość węglowodanów41.5 gCukry34.5 gZawartość białek5.3 gZawartość soli0.23 g"}, {"header": "Pozostałe informacje", "content": "Kraj pochodzenia:WłochyKraj pochodzenia zależy od konkretnej partii produktu jaka znajduje się w sklepie. Informację o kraju pochodzenia znajdziesz na opakowaniu. Możesz również dodać komentarz z preferowanym typem produktu w koszyku lub wiadomości dla shoppera (np. “prosze o pomidory polskie”).Nazwa wymagana prawnie:Biszkopt z mlecznym nadzieniem (45%), pokryty czekoladą Kinder Pingui 30g"}], "images": ["data/images/e1d1298c7bdec7eeb858dcb019906a1d.jpg"], "absolute_path": "Artykuły spożywcze/Słodycze/Biszkopty/Produkt 1"}
{"name": "Produkt 1", "url": "https://zakupy.biedronka.pl/kinder-kinder-joy-stranger-things-20-g-0000001201.html", "title": "Kinder Joy Stranger Things 20 g", "brand": "Kinder", "price": "5.49 PLN", "packaging_details": "0.02kg- 274,50 zł / kg", "description_sections": [{"header": "Opis produktu", "content": "Chrupiące wafelki (32,5%) posypane kakao, w kremie mlecznym (36,5%) i kremie mleczno-kakaowym (30,5%)  z niespodzianką"}, {"header": "Składniki i alergeny", "content": "Składniki:Cukier, tłuszcze roślinne (palmowy, shea), MLEKO odtłuszczone w proszku (19,5%), mąka PSZENNA, kakao w proszku o obniżonej zawartości tłuszczu (3,5%), skrobia PSZENNA, miazga kakaowa, ekstrakt słodu JĘCZMIENNEGO w proszku, emulgator: lecytyny (SOJA), olej słonecznikowy, białka MLEKA, tłuszcz kakaowy, substancje spulchniające (wodorowęglan amonu, wodorowęglan sodu), aromaty, wanilina, sól"}, {"header": "Pozostałe informacje", "content": "Kraj pochodzenia:PolskaKraj pochodzenia zależy od konkretnej partii produktu jaka znajduje się w sklepie. Informację o kraju pochodzenia znajdziesz na opakowaniu. Możesz również dodać komentarz z preferowanym typem produktu w koszyku lub wiadomości dla shoppera (np. “prosze o pomidory polskie”).Dystrybutor:Jeronimo Martins Polska S.A.Żniwna 5 62-025 Kostrzyn PLImporter:Jeronimo Martins Polska S.A.Żniwna 5 62-025 Kostrzyn PLNazwa wymagana prawnie:Chrupiące wafelki (32,5%) posypane kakao, w kremie mlecznym (36,5%) i kremie mleczno-kakaowym (30,5%)  z niespodzianką"}], "images": ["data/images/d9008ae58fb898e9b30b7a0bd797407f.jpg"], "absolute_path": "Artykuły spożywcze/Słodycze/Wafelki/Produkt 1"}
{"name": "Produkt 2", "url": "https://zakupy.biedronka.pl/knoppers-wafelek-knoppers-125-g-0000016491.html", "title": "Wafelek Knoppers 125 g", "brand": "Knoppers", "price": "7.85 PLN", "packaging_details": "0.125kg- 62,80 zł / kg", "description_sections": [{"header": "Opis produktu", "content": "Knoppers to chrupiący mleczno-orzechowy wafelek, zawierający pyszne i świeże składniki."}, {"header": "Składniki i alergeny", "content": "Składniki:cukier, tłuszcze roślinne (palmowy, shea), odtłuszczonemlekow proszku* (13,5%), mąkapszenna(12,3%),orzechylaskowe(9,1%), pełnoziarnista mąkapszenna(6,1%), kakao, tłuszczmleczny* (2,6%), kakao niskotłuszczowe, skrobiapszenna, emulgator: lecytyny (soja), produkt z serwatki (zmleka), pełnotłustemlekow proszku* (0,2%), sól, aromaty naturalne, substancja spulchniająca: wodorowęglan sodu, mieloneorzeszki ziemne. *łączna zawartośćmleka10% Może zawierać takżemigdały, inneorzechyijaja.Alergeny:Mleko i produkty pochodne (łącznie z laktozą), \n\nSoja i produkty pochodne, \n\nZboża zawierajace gluten, \n\nPszenica i produkty z pszenicy, \n\nOrzeszki ziemne (arachidowe) i produkty pochodne, \n\nOrzechy laskowe i produkty z orzechów laskowych"}, {"header": "Wartość odżywcza", "content": "W 100 gWartość energetyczna kcal546 kcalZawartość tłuszczów (ogólnie)32.8 gKwasy tłuszczowe nasycone18.4 gZawartość węglowodanów51.6 gCukry34.2 gZawartość białek9.2 gZawartość soli0.56 g"}, {"header": "Pozostałe informacje", "content": "Kraj pochodzenia:NiemcyKraj pochodzenia zależy od konkretnej partii produktu jaka znajduje się w sklepie. Informację o kraju pochodzenia znajdziesz na opakowaniu. Możesz również dodać komentarz z preferowanym typem produktu w koszyku lub wiadomości dla shoppera (np. “prosze o pomidory polskie”).Nazwa wymagana prawnie:Wafelek nadziewany (nadzienie mleczne 30,3 %, nadzienie nugatowe 29,4 %)"}], "images": ["data/images/fedb6e18dd32f10f7661e80933cbb2f1.jpg", "data/images/a6b632f286c53ae48ce70aaa0c30fbab.jpg", "data/images/660516c2a6fb8eaf311ca6670cd8ad47.jpg"], "absolute_path": "Artykuły spożywcze/Słodycze/Wafelki/Produkt 2"}
{"name": "Produkt 2", "url": "https://zakupy.biedronka.pl/bonitki-bonitki-biszkopty-deserowe-200-g-0000003055.html", "title": "Bonitki Biszkopty deserowe 200 g", "brand": "Bonitki", "price": "4.19 PLN", "packaging_details": "0.2kg- 20,95 zł / kg", "description_sections": [{"header": "Składniki i alergeny", "content": "Składniki:mąkapszenna, cukier, pasteryzowana masa jajowa**, woda, olej rzepakowy, emulgatory: mono- i diglicerydy kwasów tłuszczowych, estry kwasów tłuszczowych i poliglicerolu; substancje spulchniające: difosforany, węglany sodu; glukoza, aromaty, sól, barwnik: karoteny. ** zjajz chowu ściółkowego.Alergeny:Jaja i produkty pochodne, \n\nZboża zawierajace gluten, \n\nPszenica i produkty z pszenicyInne informacje o zawartości produktu:Zawiera surowce GMO:Nie, \n\nZawiera fosforany:Tak, \n\nZawiera barwniki:Tak"}, {"header": "Wartość odżywcza", "content": "W 100 gWartość energetyczna kcal392 kcalZawartość tłuszczów (ogólnie)8.8 gKwasy tłuszczowe nasycone1.2 gZawartość węglowodanów67 gCukry30 gZawartość białek9.5 gZawartość soli0.3 g"}, {"header": "Przechowywanie i sposób przygotowania", "content": "Sposób przygotowania:Propozycja przygotowaniaTIRAMISUSkładniki:1 opakowanie biszkoptów podłużnych300-500 ml mocnej i schłodzonej kawy250g sera mascarpone5 jajek5 łyżek cukruOlejek migdałowy i rumowyKakaoPrzygotowanie:Ubić białka, osobno utrzeć żółtka z cukrem. Do sera dodać olejek migdałowy, a do kawy rumowy. Do utartych żółtek dodać ser mascarpone, lekko wymieszać, a następnie dodać ubitą pianę. W kawie maczać biszkopty i ułożyć na spodzie naczynia. Biszkopty przykryć masą serową, a na nią ponownie ułożyć warstwę nasączonych w kawie biszkoptów i zakończyć warstwą masy serowej. Całość posypać kakao. Schłodzić przed podaniem. Smacznego!"}, {"header": "Pozostałe informacje", "content": "Dystrybutor:Jeronimo Martins Polska S.A.Żniwna 5 62-025 KostrzynNazwa wymagana prawnie:Biszkopty"}], "images": ["data/images/4afe938042f894c3e0b7b8eef9cb0082.jpg", "data/images/ccb4247c2872f1b14e1b7aad7989673b.jpg", "data/images/685386fa02c147ec5b22b042e38e3994.jpg", "data/images/403f966f2b7a6439845e63658a3b25f4.jpg"], "absolute_path": "Artykuły spożywcze/Słodycze/Biszkopty/Produkt 2"}
{"name": "Produkt 14", "url": "https://zakupy.biedronka.pl/leibniz-leibniz-fun-bites-herbatniki-z-kremem-czekoladowym-z-drazami-100-g--0000807207.html", "title": "Leibniz Fun Bites Herbatniki z kremem czekoladowym z drażami 100 g", "brand": "Leibniz", "price": "7.99 PLN", "packaging_details": "0.1kg- 79,90 zł / kg", "description_sections": [{"header": "Składniki i alergeny", "content": "Składniki:mąkapszenna,cukier,tłuszcze roślinne (palma),kakao o obniżonej zawartości tłuszczu¹ (2,7 %),syrop glukozowy,miazga kakaowa¹,skrobia ryżowa,substancje spulchniające: węglany sodu, difosforany,mlekow proszku odtłuszczone,sól,substancje glazurujące: guma arabska, wosk carnauba, wosk pszczeli,aromaty,emulgatory: lecytyny, tristearynian sorbitolu,masa jajowa pasteryzowana,tłuszcz kakaowy¹,żywność barwiąca (koncentraty z jabłek, rzodkiewki, cytryny, czarnej porzeczki, krokosza barwierskiego, słodkich ziemniaków),koncentrat spiruliny,skrobia (pszenica),kwas: kwas cytrynowy,produkt serwatkowy (mleko),¹Certyfikowane Rainforest Alliance (Mass Balance)Alergeny:Może zawierać Migdały, \n\nZawiera Jaja, \n\nMoże zawierać Orzechy laskowe, \n\nZawiera Mleko, \n\nZawiera PszenicaInne informacje o zawartości produktu:Smaki / Aromaty:Zawiera, \n\nSyrop glukozowy lub glukozowo-fruktozowy:Zawiera"}, {"header": "Wartość odżywcza", "content": "W 100 gWartość energetyczna494 kcalTłuszcz22 gw tym kwasy tłuszczowe nasycone15 gWęglowodany68 gw tym cukry38 gBłonnik2.8 gBiałko4.7 gSól0.42 g"}, {"header": "Pozostałe informacje", "content": "Dystrybutor:Bahlsen Polska spółka z ograniczoną odpowiedzialnością sp. k.ul. Piłsudskiego 1 32-050 Skawina PolskaImporter:Jeronimo Martins Polska S.A.Żniwna 5 62-025 Kostrzyn PLNazwa wymagana prawnie:Herbatniki z kremem czekoladowym (19 %) z drażami (18 %) z kakaowym nadzieniem; 5 % czekolady w kremie czekoladowym."}], "images": ["data/images/04e8b22cca4e5897cd5fe52a7fca1485.jpg"], "absolute_path": "Artykuły spożywcze/Słodycze/Ciastka/Produkt 14"}
{"name": "Produkt 3", "url": "https://zakupy.biedronka.pl/prince-polo-prince-polo-xxl-classic-kruchy-wafelek-z-kremem-kakaowym-oblany-czekolada-50-g-0000004047.html", "title": "Prince Polo XXL Classic Kruchy wafelek z kremem kakaowym oblany czekoladą 50 g", "brand": "Prince Polo", "price": "2.69 PLN", "packaging_details": "0.05kg- 53,80 zł / kg", "description_sections": [{"header": "Opis produktu", "content": "Subrand:Classic"}, {"header": "Składniki i alergeny", "content": "Składniki:cukier,mąkapszenna,tłuszcze roślinne (palmowy, shea w zmiennych proporcjach),miazga kakaowa,serwatka w proszku (zmleka),kakao w proszku o obniżonej zawartości tłuszczu (1 %),tłuszcz kakaowy,tłuszczmleczny,skrobia ziemniaczana,emulgatory (lecytyna sojowa, E 476),olej rzepakowy,sól,substancje spulchniające (węglany sodu, węglany amonu),aromaty,odtłuszczonemlekow proszku,Oprócz tłuszczu kakaowego zawiera tłuszcze roślinneAlergeny:Zawiera Mleko, \n\nMoże zawierać Orzechy, \n\nZawiera Soja, \n\nZawiera PszenicaInne informacje o zawartości produktu:Smaki / Aromaty:Zawiera"}, {"header": "Wartość odżywcza", "content": "W 100 gWartość energetyczna526 kcalTłuszcz29 gw tym kwasy tłuszczowe nasycone16 gWęglowodany58 gw tym cukry39 gBłonnik3.8 gBiałko5.6 gSól0.32 g"}, {"header": "Pozostałe informacje", "content": "Producent:Mondelez Polska sp. z o.o.Dystrybutor:Mondelez Polska Sp. z o.o.02-672 Warszawa Infolinia 801 066 006Importer:Mondelez Polska sp z o.o.Domaniewska 49 02-672 Warszawa PLNazwa wymagana prawnie:Kruchy wafelek z kremem kakaowym (49 %) oblany czekoladą (30 %)."}], "images": ["data/images/a9600aeb88752c9d4da89b5db077828a.jpg"], "absolute_path": "Artykuły spożywcze/Słodycze/Wafelki/Produkt 3"}
{"name": "Produkt 5", "url": "https://zakupy.biedronka.pl/grzeski-grzeski-wafel-przekladany-kremem-supermix-10-x-36-g-360-g-0000001721.html", "title": "Grześki Wafel przekładany kremem supermix (10 x 36 g) 360 g", "brand": "Grześki", "price": "16.99 PLN", "packaging_details": "0.36kg- 47,19 zł / kg", "description_sections": [{"header": "Opis produktu", "content": "Każdy ma swoje GrześkiKażdy ma swoje GrzeszkiPakiet Grześki super mix 9 + 1 gratis"}, {"header": "Pozostałe informacje", "content": "Dystrybutor:Jeronimo Martins Polska S.A.Żniwna 5 62-025 Kostrzyn PLImporter:Jeronimo Martins Polska S.A.Żniwna 5 62-025 Kostrzyn PLNazwa wymagana prawnie:Wafel przekładany kremem kakaowym 48 % w czekoladzie.Wafel przekładany kremem o smaku toffi 48 % w czekoladzie mlecznej.Wafel przekładany kremem kakaowym 48 % w czekoladzie mlecznej."}], "images": ["data/images/45732a030e4f5ec5f58ec8f12f658c7f.jpg"], "absolute_path": "Artykuły spożywcze/Słodycze/Wafelki/Produkt 5"}
{"name": "Produkt 4", "url": "https://zakupy.biedronka.pl/dare-dare-wafel-w-czekoladzie-deserowej-z-kremem-kakaowym-5-x-50-g-250-g-0000015085.html", "title": "Dare Wafel w czekoladzie deserowej z kremem kakaowym (5 x 50 g) 250 g", "brand": "Dare", "price": "9.99 PLN", "packaging_details": "0.25kg- 39,96 zł / kg", "description_sections": [{"header": "Składniki i alergeny", "content": "Składniki:cukier,tłuszcze roślinne (palmowy, słonecznikowy, z nasion bawełny, shea),miazga kakaowa,sproszkowany syrop glukozowy,mlekow proszku odtłuszczone,kakao w proszku o obniżonej zawartości tłuszczu 6,2 %,serwatka w proszku (zmleka),mąkapszenna(gluten),skrobia,masło(zmleka),emulgatory (lecytyny ze słonecznika, fosfatydy amonu, polirycynooleinian poliglicerolu),olej kokosowy,aromaty,substancje spulchniające (wodorowęglan sodu, wodorowęglan amonu, difosforan disodowy),sól,Czekolada; masa kakaowa minimum 49 %Alergeny:Zawiera Zboża zawierające gluten, \n\nMoże zawierać Orzechy laskowe, \n\nZawiera Mleko, \n\nMoże zawierać Orzeszki ziemne, \n\nMoże zawierać Sezam, \n\nMoże zawierać Soja, \n\nZawiera Pszenica"}, {"header": "Pozostałe informacje", "content": "Kraj pochodzenia:RumuniaKraj pochodzenia zależy od konkretnej partii produktu jaka znajduje się w sklepie. Informację o kraju pochodzenia znajdziesz na opakowaniu. Możesz również dodać komentarz z preferowanym typem produktu w koszyku lub wiadomości dla shoppera (np. “prosze o pomidory polskie”).Nazwa wymagana prawnie:Wafel (7,4 %) w czekoladzie deserowej (26,4 %) z kremem kakaowym (66,2 %)."}], "images": ["data/images/ad935e5606fc176e4b2a5f7fcf63a59c.jpg"], "absolute_path": "Artykuły spożywcze/Słodycze/Wafelki/Produkt 4"}
{"name": "Produkt 7", "url": "https://zakupy.biedronka.pl/e.-wedel-e.-wedel-wafel-ww-47-g-0000004424.html", "title": "E. Wedel Wafel WW 47 g", "brand": "E. Wedel", "price": "3.49 PLN", "packaging_details": "0.047kg- 74,26 zł / kg", "description_sections": [{"header": "Opis produktu", "content": "Cztery wafelki przekładane nadzieniem orzechowym w mlecznej czekoladzie"}, {"header": "Składniki i alergeny", "content": "Składniki:Czekoladamleczna73%(Cukier, Mleko pełne w proszku, Miazga kakaowa, Tłuszcz kakaowy, Serwatka w proszku (zmleka), Tłuszczmleczny, Emulgatory: lecytynysojowei E476, Aromat), Mąkapszenna, Cukier, Tłuszcz roślinny (palmowy), Serwatka w proszku (zmleka), Miazga zorzechówarachidowych (1,7%), Kakao o obniżonej zawartości tłuszczu, Mleko pełne w proszku, Mąkażytnia, Zawiera olej słonecznikowy i/lub, Jaja w proszku, Maltodekstryna, Emulgator (lecytyny sojowa), Substancje spulchniające (wodorowęglan sodu, wodorowęglan amonu, pirosiarczyn sodu), Sól, Aromat. Czekoladamleczna: masa kakaowa minimum 29%, masamlecznaminimum 17%. Może zawieraćorzechy.Alergeny:Mleko i produkty pochodne (łącznie z laktozą), \n\nSoja i produkty pochodne, \n\nJaja i produkty pochodne, \n\nZboża zawierajace gluten, \n\nPszenica i produkty z pszenicy, \n\nŻyto i produkty żytnie, \n\nOrzeszki ziemne (arachidowe) i produkty pochodneInne informacje o zawartości produktu:Zawiera surowce GMO:Nie, \n\nZawiera aromaty:Tak"}, {"header": "Wartość odżywcza", "content": "W 100 gWartość energetyczna kcal540 kcalZawartość tłuszczów (ogólnie)29 gKwasy tłuszczowe nasycone15 gZawartość węglowodanów61 gCukry53 gZawartość błonnika2.8 gZawartość białek7.5 gZawartość soli0.2 g"}, {"header": "Pozostałe informacje", "content": "Kraj pochodzenia:PolskaKraj pochodzenia zależy od konkretnej partii produktu jaka znajduje się w sklepie. Informację o kraju pochodzenia znajdziesz na opakowaniu. Możesz również dodać komentarz z preferowanym typem produktu w koszyku lub wiadomości dla shoppera (np. “prosze o pomidory polskie”).Producent:LOTTE WedelDystrybutor:Lotte Wedel Sp. z o.o.Zamoyskiego 28/30 03-801 Warszawakontakt@wedel.plImporter:Lotte Wedel Sp. z o.o.Zamoyskiego 28/30 03-801 Warszawa PLkontakt@wedel.plNazwa wymagana prawnie:Cztery wafelki przekładane kremem (18,5%) orzechowym arachidowym w mlecznej czekoladzie"}], "images": ["data/images/de262ab44be03cf7218f73ab4f535730.jpg"], "absolute_path": "Artykuły spożywcze/Słodycze/Wafelki/Produkt 7"}
{"name": "Produkt 6", "url": "https://zakupy.biedronka.pl/grzeski-grzeski-wafel-przekladane-kremem-kakaowym-10-x-36-g-360-g-0000001722.html", "title": "Grześki Wafel przekładane kremem kakaowym (10 x 36 g) 360 g", "brand": "Grześki", "price": "16.99 PLN", "packaging_details": "0.36kg- 47,19 zł / kg", "description_sections": [{"header": "Opis produktu", "content": "Każdy ma swoje GrześkiKażdy ma swoje GrzeszkiPakiet Grześki kakaowe w czekoladzie"}, {"header": "Składniki i alergeny", "content": "Składniki:czekolada 30 % [cukier, miazga kakaowa, tłuszcz kakaowy, kakao o obniżonej zawartości tłuszczu, tłuszcze roślinne (palmowy, shea) w zmiennych proporcjach, tłuszczmleczny, emulgatory: lecytyny (zsoi), E 476; aromat],mąkapszenna,tłuszcz palmowy,mlekow proszku odtłuszczone,cukier,kakao o obniżonej zawartości tłuszczu 2,8 %,skrobia,emulgator: lecytyny (zsoi),substancje spulchniające: węglany sodu, węglany amonu,sól,serwatka w proszku (zmleka),aromat,orzechylaskowe,orzeszkiarachidowe"}, {"header": "Pozostałe informacje", "content": "Dystrybutor:Jeronimo Martins Polska S.A.Żniwna 5 62-025 Kostrzyn PLImporter:Jeronimo Martins Polska S.A.Żniwna 5 62-025 Kostrzyn PLNazwa wymagana prawnie:Wafel przekładany kremem kakaowym 48 % w czekoladzie."}], "images": ["data/images/86ed4914103d9d25893bbec6c90daa25.jpg"], "absolute_path": "Artykuły spożywcze/Słodycze/Wafelki/Produkt 6"}
{"name": "Produkt 9", "url": "https://zakupy.biedronka.pl/sonko-sonko-lekkie-wafelki-pelnoziarniste-w-ciemnej-czekoladzie-3-szt.-36-g-0000571869.html", "title": "Sonko Lekkie wafelki pełnoziarniste w ciemnej czekoladzie (3 szt.) 36 g", "brand": "Sonko", "price": "2.69 PLN", "packaging_details": "0.036kg- 74,72 zł / kg", "description_sections": [{"header": "Składniki i alergeny", "content": "Alergeny:Zawiera Jęczmień, \n\nMoże zawierać Jaja, \n\nMoże zawierać Orzechy laskowe, \n\nMoże zawierać Mleko, \n\nMoże zawierać Orzechy, \n\nMoże zawierać Orzeszki ziemne, \n\nZawiera Żyto, \n\nMoże zawierać Sezam, \n\nZawiera Soja, \n\nZawiera PszenicaInne informacje o zawartości produktu:Smaki / Aromaty:Zawiera"}, {"header": "Wartość odżywcza", "content": "W 100 gWartość energetyczna466 kcalTłuszcz20 gw tym kwasy tłuszczowe nasycone12.6 gWęglowodany61.4 gw tym cukry34.3 gBłonnik5.7 gBiałko7.1 gSól0.69 g"}, {"header": "Pozostałe informacje", "content": "Producent:Sonko Sp. z o.o.\nul. Ryżowa 1,\nBielany Wrocławskie\n55-040 Kobierzyce,\nPolska\nwww.sonko.plDystrybutor:Jeronimo Martins Polska S.A.Żniwna 5 62-025 Kostrzyn PLImporter:Jeronimo Martins Polska S.A.Żniwna 5 62-025 Kostrzyn PLNazwa wymagana prawnie:Pieczywo pełnoziarniste w czekoladzie. Pieczywo ekstrudowane, w czekoladzie."}], "images": ["data/images/6ac63791fa08968b65701dbd479acfdb.jpg"], "absolute_path": "Artykuły spożywcze/Słodycze/Wafelki/Produkt 9"}
{"name": "Produkt 12", "url": "https://zakupy.biedronka.pl/grzeski-grzeski-mini-wafel-przekladany-kremem-kakaowym-w-czekoladzie-20x20-g-0000003089.html", "title": "Grześki Mini Wafel przekładany kremem kakaowym w czekoladzie 20x20 g", "brand": "Grześki", "price": "19.99 PLN", "packaging_details": "0.4kg- 49,98 zł / kg", "description_sections": [{"header": "Opis produktu", "content": "Wafle Grześki Mini w czekoladzie dla całej rodziny."}, {"header": "Składniki i alergeny", "content": "Składniki:czekolada 30 % [cukier, miazga kakaowa, tłuszcz kakaowy,kakao o obniżonej zawartości tłuszczu, tłuszcze roślinne (palmowy, shea)w zmiennych proporcjach, tłuszczmleczny, emulgatory: lecytyny (zsoi),E 476; aromat], mąkapszenna, tłuszcz palmowy,mlekow proszkuodtłuszczone, cukier, kakao o obniżonej zawartości tłuszczu 2,9 %, skrobia,emulgator: lecytyny (zsoi); substancje spulchniające: węglany sodu, węglanyamonu; sól, serwatka w proszku (zmleka), aromat,orzechylaskowe, orzeszkiarachidowe."}, {"header": "Pozostałe informacje", "content": "Kraj pochodzenia:PolskaKraj pochodzenia zależy od konkretnej partii produktu jaka znajduje się w sklepie. Informację o kraju pochodzenia znajdziesz na opakowaniu. Możesz również dodać komentarz z preferowanym typem produktu w koszyku lub wiadomości dla shoppera (np. “prosze o pomidory polskie”).Nazwa wymagana prawnie:Wafel przekładany kremem kakaowym w czekoladzie"}], "images": ["data/images/417072135a57d2fc8fd40195aacadcba.jpg"], "absolute_path": "Artykuły spożywcze/Słodycze/Wafelki/Produkt 12"}
{"name": "Produkt 11", "url": "https://zakupy.biedronka.pl/kinder-kinder-maxi-king-wafel-z-mlecznym-i-karmelowym-nadzieniem-pokryty-czekolada-i-orzechami-35-g-0000001166.html", "title": "Kinder Maxi King Wafel z mlecznym i karmelowym nadzieniem pokryty czekoladą i orzechami 35 g", "brand": "Kinder", "price": "3.49 PLN", "packaging_details": "0.035kg- 99,71 zł / kg", "description_sections": [{"header": "Opis produktu", "content": "Nie zawiera substancji konserwujących i barwników.Subrand:Maxi King"}, {"header": "Składniki i alergeny", "content": "Składniki:czekoladamleczna28,5 % (tłuszcz kakaowy, cukier,mlekopełne w proszku, miazga kakaowa, emulgator: lecytyny (soja); wanilina),pasteryzowanemleko(14,5 %),cukier,karmel 11 % (słodzone skondensowanemleko, cukier,orzechylaskowe, olej palmowy, aromat),orzechylaskowe(10,5 %),olej palmowy,mlekoodtłuszczone w proszku (5,5 %),mąkapszenna,masłoodwodnione,mąka ryżowa,skrobia z tapioki,emulgatory (mono- i diglicerydy kwasów tłuszczowych, lecytyny (soja)),sól,wanilina,substancja zagęszczająca (guma tara),substancja spulchniająca (wodorowęglan sodu)Alergeny:Zawiera Orzechy laskowe, \n\nZawiera Mleko, \n\nZawiera Soja, \n\nZawiera PszenicaInne informacje o zawartości produktu:Barwniki:Nie zawiera, \n\nSmaki / Aromaty:Zawiera, \n\nkonserwanty:Nie zawiera"}, {"header": "Wartość odżywcza", "content": "W 100 gWartość energetyczna521 kcalTłuszcz37.5 gw tym kwasy tłuszczowe nasycone19 gWęglowodany38.2 gw tym cukry35.6 gBiałko6.7 gSól0.19 g"}, {"header": "Pozostałe informacje", "content": "Nazwa wymagana prawnie:Wafel z mlecznym i karmelowym nadzieniem (56 %), pokryty mleczną czekoladą i pokruszonymi orzechami laskowymi."}], "images": ["data/images/95cb0ad0e5d661b77d592cb0f685666d.jpg"], "absolute_path": "Artykuły spożywcze/Słodycze/Wafelki/Produkt 11"}
{"name": "Produkt 10", "url": "https://zakupy.biedronka.pl/sonko-sonko-lekkie-wafelki-3-ziarna-w-mlecznej-czekoladzie-36-g-3-sztuki-0000571870.html", "title": "Sonko Lekkie wafelki 3 ziarna w mlecznej czekoladzie 36 g (3 sztuki)", "brand": "Sonko", "price": "2.69 PLN", "packaging_details": "0.036kg- 74,72 zł / kg", "description_sections": [{"header": "Składniki i alergeny", "content": "Alergeny:Zawiera Jęczmień, \n\nMoże zawierać Jaja, \n\nMoże zawierać Orzechy laskowe, \n\nZawiera Mleko, \n\nMoże zawierać Orzechy, \n\nMoże zawierać Orzeszki ziemne, \n\nZawiera Żyto, \n\nMoże zawierać Sezam, \n\nZawiera Soja, \n\nZawiera Pszenica"}, {"header": "Wartość odżywcza", "content": "W 100 gWartość energetyczna465 kcalTłuszcz20.1 gw tym kwasy tłuszczowe nasycone12.8 gWęglowodany60.3 gw tym cukry29.6 gBłonnik5.5 gBiałko7.9 gSól0.56 g"}, {"header": "Pozostałe informacje", "content": "Producent:Sonko Sp. z o.o.\nul. Ryżowa 1,\nBielany Wrocławskie\n55-040 Kobierzyce,\nPolska\nwww.sonko.plDystrybutor:Jeronimo Martins Polska S.A.Żniwna 5 62-025 Kostrzyn PLImporter:Jeronimo Martins Polska S.A.Żniwna 5 62-025 Kostrzyn PLNazwa wymagana prawnie:Pieczywo 3 ziarna w czekoladzie mlecznej. Pieczywo ekstrudowane, w czekoladzie mlecznej."}], "images": ["data/images/115469711c1102db0b6178ad0c9ebaf4.jpg"], "absolute_path": "Artykuły spożywcze/Słodycze/Wafelki/Produkt 10"}
{"name": "Produkt 8", "url": "https://zakupy.biedronka.pl/bonitki-bonitki-sezamki-classic-3-x-27-g-81-g--0000004828.html", "title": "Bonitki Sezamki classic (3 x 27 g) 81 g", "brand": "Bonitki", "price": "2.19 PLN", "packaging_details": "0.081kg- 27,04 zł / kg", "description_sections": [{"header": "Składniki i alergeny", "content": "Składniki:Nasionasezamu(49%), syrop glukozowy, cukier. Produkt może zawierać orzeszkiarachidoweiorzechy.Alergeny:Nasiona sezamu i produkty pochodneInne informacje o zawartości produktu:Zawiera surowce GMO:Nie, \n\nInformacje szczegółowe dotyczące środków słodzących:zawiera syrop glukozowy lub glukozowo-fruktozowy"}, {"header": "Wartość odżywcza", "content": "W 100 gWartość energetyczna kcal523 kcalZawartość tłuszczów (ogólnie)28 gKwasy tłuszczowe nasycone4.1 gZawartość węglowodanów54 gCukry38 gZawartość białek13 gZawartość soli0.03 g"}, {"header": "Pozostałe informacje", "content": "Producent:PRODUCT PLUS KozaneckiDystrybutor:Jeronimo Martins Polska S.A.Żniwna 5 62-025 KostrzynImporter:Jeronimo Martins Polska S.A.Żniwna 5 62-025 Kostrzyn PLNazwa wymagana prawnie:Sezamki"}], "images": ["data/images/f23c3acb3c49be41a0306b7dc2fef95a.jpg", "data/images/345301b600415c90182dac363099b137.jpg", "data/images/aa0b36abd5a9c96bf3e0315dd6b9d256.jpg"], "absolute_path": "Artykuły spożywcze/Słodycze/Wafelki/Produkt 8"}
{"name": "Produkt 13", "url": "https://zakupy.biedronka.pl/prince-polo-prince-polo-xxl-kruchy-wafelek-z-kremem-smak-orzechowy-50-g-0000011788.html", "title": "Prince Polo XXL Kruchy wafelek z kremem smak orzechowy 50 g", "brand": "Prince Polo", "price": "2.69 PLN", "packaging_details": "0.045kg- 53,80 zł / kg", "description_sections": [{"header": "Składniki i alergeny", "content": "Składniki:cukier,mąkapszenna,olej palmowy,tłuszcz kakaowy,odtłuszczonemlekow proszku,skrobiapszenna,miazga kakaowa,kakao w proszku o obniżonej zawartości tłuszczu,serwatka w proszku (zmleka),tłuszczmleczny,skrobia ziemniaczana,olej rzepakowy,emulgatory (lecytynysojowe, E 476),sól,substancje spulchniające (E 500, E 503),aromat (zawieraorzechylaskowe),aromatAlergeny:Zawiera Orzechy laskowe, \n\nZawiera Mleko, \n\nZawiera Soja, \n\nZawiera PszenicaInne informacje o zawartości produktu:Smaki / Aromaty:Zawiera"}, {"header": "Wartość odżywcza", "content": "W 100 gWartość energetyczna527 kcalTłuszcz28 gw tym kwasy tłuszczowe nasycone15 gWęglowodany61 gw tym cukry39 gBłonnik2.5 gBiałko5.6 gSól0.23 g"}, {"header": "Pozostałe informacje", "content": "Producent:Mondelez Polska sp. z o.o.Dystrybutor:Mondelez Polska Sp. z o.o.ul. Domaniewska 49 02-672 Warszawa Infolinia 801 066 006Importer:Mondelez Polska sp z o.o.Domaniewska 49 02-672 Warszawa PLNazwa wymagana prawnie:Kruchy wafelek z kremem o smaku orzechowym (49 %) oblany czekoladą mleczną (30 %)."}], "images": ["data/images/50c86812d27a09f7621235bb3ac5298d.jpg"], "absolute_path": "Artykuły spożywcze/Słodycze/Wafelki/Produkt 13"}
{"name": "Produkt 1", "url": "https://zakupy.biedronka.pl/eurowafel-eurowafel-wafle-lekkie-130-g-0000004104.html", "title": "EuroWafel Wafle lekkie 130 g", "brand": "EuroWafel", "price": "4.19 PLN", "packaging_details": "0.13kg- 32,23 zł / kg", "description_sections": [{"header": "Opis produktu", "content": "Wafle lekkie od Eurowafel – to prawdziwy hit dla miłośników zdrowego stylu życia, produkt, który idealnie wpisuje się w Twoją dietę wegańską.  Wafle lekkie wyróżniają się prostym składem i są słodzone stewią, co czyni je idealnym wyborem dla osób dbających o linię. Dzięki swojej delikatnej strukturze i subtelnemu, słodkiemu smakowi, są doskonałym dodatkiem do deserów, kawy czy herbaty. Wspaniale komponują się z owocami, jogurtem roślinnym czy domowymi pastami. To idealna przekąska dla całej rodziny. Wybierz Eurowafel i ciesz się smacznymi waflami każdego dnia!"}, {"header": "Składniki i alergeny", "content": "Składniki:mąkapszenna, olej roślinny rzepakowy, emulgator: lecytyny zsoi; substancje spulchniające: węglany sodu, węglany amonu; sól, substancje słodzące< 0,1%: izomalt, glikozydy stewiolowe.Alergeny:Soja i produkty pochodne, \n\nZboża zawierajace gluten, \n\nPszenica i produkty z pszenicy, \n\nCzy znaki dietetyczne/alergenów znajdują się na opakowaniu?Inne informacje o zawartości produktu:Zawiera surowce GMO:Nie, \n\nOsłonka niejadalna:Nie, \n\nInformacje szczegółowe dotyczące środków słodzących:zawiera substancję słodzącą, \n\nZawiera lukrecję:Nie, \n\nZawiera chininę:Nie, \n\nZawiera taurynę:Nie, \n\nZawiera przeciwutleniacze:Nie, \n\nZawiera wzmacniacze smaku:Nie, \n\nZawiera fosforany:Nie, \n\nZawiera siarczyny:Nie, \n\nZawiera barwniki:Nie, \n\nZawiera aromaty:Nie, \n\nZawiera antybiotyki:Nie, \n\nZawiera substancje konserwujące:Nie, \n\nZawiera tłuszcze utwardzone (trans):Nie, \n\nZawiera olej palmowy:Nie, \n\nZawiera kofeinę:Nie, \n\nŚrodki spozywcze z dodatkiem fitosteroli, estrów fitosteroli, fitostanoli lub estrów fitostanoli:Nie, \n\nPlant based - produkt bazujący na składnikach roślinnych:Tak, \n\nCzy znaki dietetyczne/alergenów znajdują się na opakowaniu?:Tak"}, {"header": "Wartość odżywcza", "content": "W 100 gWartość energetyczna kcal411 kcalZawartość tłuszczów (ogólnie)5.2 gKwasy tłuszczowe nasycone0.5 gZawartość węglowodanów79 gCukry2.3 gZawartość błonnika2.9 gZawartość białek10 gZawartość soli0.38 g"}, {"header": "Przechowywanie i sposób przygotowania", "content": "Sposób przygotowania:do bezpośredniego spożycia"}, {"header": "Pozostałe informacje", "content": "Kraj pochodzenia:PolskaKraj pochodzenia zależy od konkretnej partii produktu jaka znajduje się w sklepie. Informację o kraju pochodzenia znajdziesz na opakowaniu. Możesz również dodać komentarz z preferowanym typem produktu w koszyku lub wiadomości dla shoppera (np. “prosze o pomidory polskie”).Producent:Eurowafel sp. z o.o sp.k\nul. Władysława Grabskiego 23\n32-640 Zator\ntel.: +48 33 870 35 71\nbiuro@eurowafel.pl\nwww.eurowafel.plDystrybutor:Eurowafel Sp. z o.o sp. k.Władysława Grabskiego 23 32-640 Zatorbiuro@eurowafel.plImporter:Eurowafel Sp. z o.o sp. k.Władysława Grabskiego 23 32-640 Zator PLbiuro@eurowafel.plNazwa wymagana prawnie:Wafle suche, wypiekane"}], "images": ["data/images/fcd7aa9545d4e2956b35644591cfebb7.jpg"], "absolute_path": "Artykuły spożywcze/Słodycze/Wafle/Produkt 1"}
{"name": "Produkt 3", "url": "https://zakupy.biedronka.pl/kinder-bueno-kinder-bueno-wafel-z-nadzieniem-43-g-0000001388.html", "title": "Kinder Bueno Wafel z nadzieniem 43 g", "brand": "Kinder Bueno", "price": "3.79 PLN", "packaging_details": "0.043kg- 88,14 zł / kg", "description_sections": [{"header": "Opis produktu", "content": "Wafel pokryty mleczną czekoladą wypełniony delikatnym mleczno-orzechowym nadzieniem (54%)"}, {"header": "Składniki i alergeny", "content": "Składniki:Czekolada MLECZNA 31,5% (cukier, tłuszcz kakaowy, miazga kakaowa, MLEKO odtłuszczone w proszku, MASŁO odwodnione, emulgator: lecytyny (SOJA); wanilina), cukier, olej palmowy, mąka PSZENNA, ORZECHY LASKOWE (10,8%), MLEKO odtłuszczone w proszku (8,5%), MLEKO pełne w proszku (5,5%), czekolada 1,5% (cukier, miazga kakaowa, tłuszcz kakaowy, emulgator: lecytyny (SOJA); wanilina), kakao w proszku o obniżonej zawartości tłuszczu, emulgator: lecytyny (SOJA); substancje spulchniające (wodorowęglan sodu, wodorowęglan amonu), sól, wanilina. Składnikimleka: 19,5%.Alergeny:Pszenica i produkty z pszenicy, \n\nOrzechy laskowe i produkty z orzechów laskowychInne informacje o zawartości produktu:Zawiera surowce GMO:Nie"}, {"header": "Wartość odżywcza", "content": "W 100 gWartość energetyczna kcal572 kcalZawartość tłuszczów (ogólnie)37.3 gKwasy tłuszczowe nasycone17.3 gZawartość węglowodanów49.5 gCukry41.2 gZawartość białek8.6 gZawartość soli0.27 g"}, {"header": "Pozostałe informacje", "content": "Kraj pochodzenia:PolskaKraj pochodzenia zależy od konkretnej partii produktu jaka znajduje się w sklepie. Informację o kraju pochodzenia znajdziesz na opakowaniu. Możesz również dodać komentarz z preferowanym typem produktu w koszyku lub wiadomości dla shoppera (np. “prosze o pomidory polskie”).Producent:Ferrero Polska Commercial Sp. z o.o.Importer:FERRERO POLSKA COMMERCIAL SP. Z O.O.WIERTNICZA 126 02-952 WARSZAWA PLNazwa wymagana prawnie:Wafel pokryty mleczną czekoladą wypełniony delikatnym mleczno-orzechowym nadzieniem (54%) Kinder Bueno g43"}], "images": ["data/images/423e6f4094a593a3c850294713cb7cc3.jpg"], "absolute_path": "Artykuły spożywcze/Słodycze/Batony/Produkt 3"}
{"name": "Produkt 2", "url": "https://zakupy.biedronka.pl/vitanella-vitanella-batony-orzeszki-ziemne-zurawina-orzechy-nerkowca-ziarna-slonecznika-migdaly-3x35-g-105-g-0000005858.html", "title": "Vitanella Batony orzeszki ziemne, żurawina, orzechy nerkowca, ziarna słonecznika, migdały (3x35 g) 105 g", "brand": "Vitanella", "price": "5.99 PLN", "packaging_details": "0.105kg- 57,05 zł / kg", "description_sections": [{"header": "Opis produktu", "content": "Nutriscore:C"}, {"header": "Składniki i alergeny", "content": "Składniki:Orzeszki ziemne prażone 22,9%, syrop cukru inwertowanego, żurawina suszona słodzona 11,9% (żurawina 50%, rozpuszczalny błonnik kukurydziany, cukier, olej słonecznikowy), prażoneorzechynerkowca 9%, ziarna słonecznika 9%, syrop matlozowy, rodzynki suszone 8% (rodzynki 99,5%, olej słonecznikowy),migdałyprażone 5,9%, ekstrudat zbożowy (mąka kukurydziana, ryż, cukier, sól), dekstroza, mąka ryżowa, emulgator: lecytyny (z rzepaku). Produkt może zawieraćmleko,sojęi inneorzechy.Alergeny:Orzeszki ziemne (arachidowe) i produkty pochodne, \n\nOrzechy, \n\nMigdały i produkty z migdałami, \n\nOrzechy nerkowca i produkty z orzecha nerkowcaInne informacje o zawartości produktu:Zawiera surowce GMO:Nie, \n\nInformacje szczegółowe dotyczące środków słodzących:zawiera cukier (cukry) i substancję słodzącą, \n\nPoziom znakowania Nutriscore:C"}, {"header": "Wartość odżywcza", "content": "W 100 gWartość energetyczna kcal477 kcalZawartość tłuszczów (ogólnie)25 gKwasy tłuszczowe nasycone3.6 gZawartość węglowodanów50 gCukry33 gZawartość błonnika5.2 gZawartość białek11 gZawartość soli0.04 g"}, {"header": "Pozostałe informacje", "content": "Producent:Emco spol. s r.o.Dystrybutor:Jeronimo Martins Polska S.A.Żniwna 5 62-025 KostrzynImporter:Jeronimo Martins Polska S.A.Żniwna 5 62-025 Kostrzyn PLNazwa wymagana prawnie:Baton z orzeszków ziemnych z żurawiną, orzechami nerkowca, słonecznikiem, rodzynkami i migdałami. Produkt bezglutenowy."}], "images": ["data/images/3f07e4d73d2ea593633d3ac86f6a5e3a.jpg", "data/images/6163db6ebd85ad4787c6882e64a830e0.jpg"], "absolute_path": "Artykuły spożywcze/Słodycze/Batony/Produkt 2"}
{"name": "Produkt 1", "url": "https://zakupy.biedronka.pl/vitanella-vitanella-batony-orzeszki-ziemne-migdaly-orzechy-wloskie-miod-3x35-g-105-g-0000005857.html", "title": "Vitanella Batony orzeszki ziemne, migdały, orzechy włoskie, miód (3x35 g) 105 g", "brand": "Vitanella", "price": "5.99 PLN", "packaging_details": "0.105kg- 57,05 zł / kg", "description_sections": [{"header": "Opis produktu", "content": "Nutriscore:C"}, {"header": "Składniki i alergeny", "content": "Składniki:Orzeszki ziemne prażone 45%, syrop cukru inwertowanego,migdałyprażone 13,5%, syrop matlozowy,orzechywłoskie prażone 7%, ekstrudat zbożowy (mąka kukurydziana, ryż, cukier, sól), dekstroza, miód wielokwiatowy 2,7%, mąka ryżowa, emulgator: lecytyny (z rzepaku), sól. Produkt może zawieraćmleko,sojęi inneorzechy.Alergeny:Orzeszki ziemne (arachidowe) i produkty pochodne, \n\nOrzechy, \n\nMigdały i produkty z migdałami, \n\nOrzechy włoskie i produkty z orzecha włoskiegoInne informacje o zawartości produktu:Zawiera surowce GMO:Nie, \n\nInformacje szczegółowe dotyczące środków słodzących:zawiera cukier (cukry) i substancję słodzącą, \n\nPoziom znakowania Nutriscore:C"}, {"header": "Wartość odżywcza", "content": "W 100 gWartość energetyczna kcal545 kcalZawartość tłuszczów (ogólnie)35 gKwasy tłuszczowe nasycone4.4 gZawartość węglowodanów40 gCukry21 gZawartość błonnika6.1 gZawartość białek15 gZawartość soli0.1 g"}, {"header": "Pozostałe informacje", "content": "Producent:Emco spol. s r.o.Dystrybutor:Jeronimo Martins Polska S.A.Żniwna 5 62-025 KostrzynImporter:Jeronimo Martins Polska S.A.Żniwna 5 62-025 Kostrzyn PLNazwa wymagana prawnie:Baton z orzeszków ziemnych z migdałami, orzechami włoskimi i miodem. Produkt bezglutenowy."}], "images": ["data/images/5ee9ea968642333a881eac3aa67ae01b.jpg", "data/images/64035178b0ef4307ee07d33a7e48c78a.jpg"], "absolute_path": "Artykuły spożywcze/Słodycze/Batony/Produkt 1"}
{"name": "Produkt 8", "url": "https://zakupy.biedronka.pl/kinder-country-kinder-country-baton-czekoladowy-z-nadzieniem-235-g-0001150913.html", "title": "Kinder Country Baton czekoladowy z nadzieniem 23,5 g", "brand": "Kinder Country", "price": "2.49 PLN", "packaging_details": "23.5g- 0,11 zł / g", "description_sections": [{"header": "Opis produktu", "content": "Czekolada mleczna z nadzieniem mlecznym (59%) i zbożami"}, {"header": "Składniki i alergeny", "content": "Składniki:Czekolada MLECZNA 33,5% (cukier, tłuszcz kakaowy, MLEKO pełne w proszku, miazga kakaowa, emulgator: lecytyny (SOJA); wanilina), cukier, MLEKO odtłuszczone w proszku (17,5%), olej palmowy, ekspandowane ziarna zbóż 7,5% (JĘCZMIEŃ, ryż, PSZENICA, PSZENICA (orkisz), gryka), MASŁO odwodnione, emulgator: lecytyny (SOJA); wanilina.Alergeny:Pszenica i produkty z pszenicy, \n\nJęczmień i produkty jęczmienneInne informacje o zawartości produktu:Zawiera surowce GMO:Nie"}, {"header": "Wartość odżywcza", "content": "W 100 gWartość energetyczna kcal561 kcalZawartość tłuszczów (ogólnie)33.8 gKwasy tłuszczowe nasycone21.9 gZawartość węglowodanów54.9 gCukry49.1 gZawartość białek8.6 gZawartość soli0.28 g"}, {"header": "Pozostałe informacje", "content": "Kraj pochodzenia:PolskaKraj pochodzenia zależy od konkretnej partii produktu jaka znajduje się w sklepie. Informację o kraju pochodzenia znajdziesz na opakowaniu. Możesz również dodać komentarz z preferowanym typem produktu w koszyku lub wiadomości dla shoppera (np. “prosze o pomidory polskie”).Producent:Ferrero Polska Commercial Sp. z o.o.Wiertnicza 126 02-952 Warszawa PLserwis.konsumencki@ferrero.comDystrybutor:Jeronimo Martins Polska S.A.Żniwna 5 62-025 Kostrzyn PLImporter:FERRERO POLSKA COMMERCIAL SP. Z O.O.WIERTNICZA 126 02-952 WARSZAWA PLNazwa wymagana prawnie:Czekolada mleczna z nadzieniem mlecznym (59%) i zbożami Kinder Country g23,5"}], "images": ["data/images/e1d8296ac3b03a66e83665a027c8b7ca.jpg"], "absolute_path": "Artykuły spożywcze/Słodycze/Batony/Produkt 8"}
{"name": "Produkt 7", "url": "https://zakupy.biedronka.pl/knoppers-knoppers-baton-orzeszki-ziemne-40-g-0000007340.html", "title": "Knoppers Baton orzeszki ziemne 40 g", "brand": "Knoppers", "price": "2.94 PLN", "packaging_details": "0.04kg- 73,50 zł / kg", "description_sections": [{"header": "Opis produktu", "content": "Knoppers Baton Orzeszki ziemne - z chrupiącym wafelkiem, pysznym kremem mlecznym, kremem orzechowym, karmelem z chrupiącymi orzeszkami ziemnymi i warstwą mlecznej czekolady."}, {"header": "Składniki i alergeny", "content": "Składniki:cukier,orzeszki ziemne(14,5 %),tłuszcze roślinne (palmowy, shea, rzepakowy),syrop glukozowy,mlekopełne w proszku (6,5 %),tłuszcz kakaowy,odtłuszczonemlekow proszku (4,8 %),mąkapszenna(4,3 %),mlekozagęszczone odtłuszczone,miazga kakaowa,pełnoziarnista mąkapszenna(2,3 %),substancja utrzymująca wilgoć: sorbitole,maślanka w proszku (zmleka),laktoza(zmleka),kakao,tłuszczmleczny,śmietanka (zmleka),zagęszczona serwatka (zmleka),masło(zmleka),sól,produkt z serwatki (zmleka),emulgator: lecytyny (zsoi),naturalne aromaty,syrop sacharozowy,kakao o obniżonej zawartości tłuszczu,skrobiapszenna,substancja spulchniająca: wodorowęglan sodu,stabilizator: karagen,mieloneorzechylaskowe,naturalny aromat waniliowyAlergeny:Może zawierać Migdały, \n\nMoże zawierać Orzechy brazylijskie, \n\nMoże zawierać Orzechy nerkowca, \n\nMoże zawierać Jaja, \n\nZawiera Orzechy laskowe, \n\nMoże zawierać Orzechy makadamia / Orzechy Queensland, \n\nZawiera Mleko, \n\nMoże zawierać Orzechy, \n\nZawiera Orzeszki ziemne, \n\nMoże zawierać Orzeszki pekan, \n\nMoże zawierać Pistacje/orzechy pistacjowe, \n\nZawiera Soja, \n\nMoże zawierać Orzechy włoskie, \n\nZawiera PszenicaInne informacje o zawartości produktu:Smaki / Aromaty:Zawiera, \n\nSyrop glukozowy lub glukozowo-fruktozowy:Zawiera"}, {"header": "Wartość odżywcza", "content": "W 100 gWartość energetyczna513 kcalTłuszcz29.4 gw tym kwasy tłuszczowe nasycone14.3 gWęglowodany51.2 gw tym cukry38.8 gBiałko10 gSól0.66 g"}, {"header": "Pozostałe informacje", "content": "Producent:AUGUST STORCK KG\nWaldstr. 27\n13403 Berlin\nNiemcy\nwww.storck.com\nwww.knoppers.comDystrybutor:STORCK Sp. z o.o.ul. Przyokopowa 26 01-208 WarszawaImporter:Storck sp. z o.o.Przyokopowa 26 01-208 Warszawa PLsekretariat.storck@pl.storck.comNazwa wymagana prawnie:Baton waflowy z kremem mlecznym (14,4 %), kremem z orzeszków ziemnych (14 %), solonymi, siekanymi orzeszkami ziemnymi (13,4 %) i delikatnym karmelem (22,1 %), oblany mleczną czekoladą (29,5 %)."}], "images": ["data/images/49e309d745be7d522c1083e8df2c93ad.jpg"], "absolute_path": "Artykuły spożywcze/Słodycze/Batony/Produkt 7"}
{"name": "Produkt 5", "url": "https://zakupy.biedronka.pl/mars-mars-nugatowe-nadzienie-oblane-karmelem-i-mleczna-czekolada-135-g-3-x-45-g-0000017385.html", "title": "Mars Nugatowe nadzienie oblane karmelem i mleczną czekoladą 135 g (3 x 45 g)", "brand": "Mars", "price": "9.99 PLN", "packaging_details": "0.135kg- 74,00 zł / kg", "description_sections": [{"header": "Opis produktu", "content": "Mars Baton z nugatowym nadzieniem oblany karmelem i czekoladą 51 g"}, {"header": "Składniki i alergeny", "content": "Składniki:cukier,syrop glukozowy,odtłuszczonemlekow proszku,tłuszcz kakaowy,miazga kakaowa,olej słonecznikowy,permeat serwatki (mleko),tłuszcz palmowy,tłuszczmleczny,odtłuszczone kakao w proszku,jęczmiennyekstrakt słodowy,sól,emulgator (lecytyna sojowa),białkojajaw proszku,Czekoladamlecznaoprócz tłuszczu kakaowego zawiera tłuszcze roślinneAlergeny:Zawiera Jęczmień, \n\nZawiera Jaja, \n\nZawiera Mleko, \n\nMoże zawierać Orzechy, \n\nMoże zawierać Orzeszki ziemne, \n\nZawiera SojaInne informacje o zawartości produktu:Syrop glukozowy lub glukozowo-fruktozowy:Zawiera"}, {"header": "Wartość odżywcza", "content": "W 100 gWartość energetyczna443 kcalTłuszcz16 gw tym kwasy tłuszczowe nasycone7.4 gWęglowodany70 gw tym cukry61 gBiałko4.5 gSól0.67 g"}, {"header": "Pozostałe informacje", "content": "Producent:Mars Polska sp. z o.o.,\nKożuszki Parcel 42,\n96-500 Sochaczew\n0 801 10 63 63Nazwa wymagana prawnie:Nugatowe nadzienie (32 %) oblane karmelem (27 %) i mleczną czekoladą (40 %)."}], "images": ["data/images/6a26ac6c68f40fdaf376bf18937765a0.jpg", "data/images/fae27f365c1de711e597a71f24efb706.jpg"], "absolute_path": "Artykuły spożywcze/Słodycze/Batony/Produkt 5"}
{"name": "Produkt 4", "url": "https://zakupy.biedronka.pl/kinder-kinder-bueno-white-wafel-39-g-0000008454.html", "title": "Kinder Bueno White Wafel 39 g", "brand": "Kinder", "price": "3.79 PLN", "packaging_details": "0.039kg- 97,18 zł / kg", "description_sections": [{"header": "Opis produktu", "content": "Wafel pokryty białą czekoladą wypełniony delikatnym mleczno-orzechowym nadzieniem (53%)"}, {"header": "Składniki i alergeny", "content": "Składniki:Biała czekolada 28% (tłuszcz kakaowy, cukier, MLEKO odtłuszczone w proszku, MASŁO odwodnione, emulgator: lecytyny (SOJA); wanilina), cukier, olej palmowy, mąka PSZENNA, MLEKO odtłuszczone w proszku (8,5%), MLEKO pełne w proszku (5,5%), ORZECHY LASKOWE (5%), SERWATKA w proszku, skrobia PSZENNA, kakao w proszku o obniżonej zawartości tłuszczu, olej słonecznikowy, białka MLEKA, emulgator: lecytyny (SOJA); substancje spulchniające (wodorowęglan amonu, wodorowęglan sodu), aromaty, sól. Składnikimleka: 21,5%.Inne informacje o zawartości produktu:Zawiera surowce GMO:Nie"}, {"header": "Wartość odżywcza", "content": "W 100 gWartość energetyczna kcal572 kcalZawartość tłuszczów (ogólnie)35.9 gKwasy tłuszczowe nasycone16.8 gZawartość węglowodanów53 gCukry43.6 gZawartość białek8.8 gZawartość soli0.36 g"}, {"header": "Pozostałe informacje", "content": "Kraj pochodzenia:PolskaKraj pochodzenia zależy od konkretnej partii produktu jaka znajduje się w sklepie. Informację o kraju pochodzenia znajdziesz na opakowaniu. Możesz również dodać komentarz z preferowanym typem produktu w koszyku lub wiadomości dla shoppera (np. “prosze o pomidory polskie”).Producent:Ferrero Polska Commercial Sp. z o.o.Dystrybutor:Ferrero Polska Commercial Sp. z o.o.Wiertnicza 126 02-952 WarszawaImporter:Ferrero Polska Commercial Sp. z o.o.Wiertnicza 126 02-952 Warszawa PLjulia.jaszczur@ferrero.comNazwa wymagana prawnie:Wafel pokryty białą czekoladą wypełniony delikatnym mleczno-orzechowym nadzieniem (53%) Kinder Bueno White g39"}], "images": ["data/images/3fdf020fec2546fc391a58bfa645b400.jpg"], "absolute_path": "Artykuły spożywcze/Słodycze/Batony/Produkt 4"}
{"name": "Produkt 6", "url": "https://zakupy.biedronka.pl/milky-way-milky-way-puszyste-nadzienie-oblane-czekolada-mleczna-215-g-0000012661.html", "title": "Milky Way Puszyste nadzienie oblane czekoladą mleczną 21,5 g", "brand": "Milky Way", "price": "2.29 PLN", "packaging_details": "21.5g- 0,11 zł / g", "description_sections": [{"header": "Składniki i alergeny", "content": "Składniki:cukier,syrop glukozowy,odtłuszczonemlekow proszku,tłuszcz kakaowy,miazga kakaowa,olej słonecznikowy,tłuszcz palmowy,permeat serwatki (mleko),tłuszczmleczny,jęczmiennyekstrakt słodowy,sól,emulgator (lecytyna sojowa),białkojajaw proszku,Czekoladamlecznaoprócz tłuszczu kakaowego zawiera tłuszcze roślinneAlergeny:Może zawierać Migdały, \n\nZawiera Jęczmień, \n\nMoże zawierać Orzechy brazylijskie, \n\nMoże zawierać Orzechy nerkowca, \n\nZawiera Jaja, \n\nMoże zawierać Orzechy laskowe, \n\nMoże zawierać Orzechy makadamia / Orzechy Queensland, \n\nZawiera Mleko, \n\nMoże zawierać Orzechy, \n\nMoże zawierać Orzeszki ziemne, \n\nMoże zawierać Orzeszki pekan, \n\nMoże zawierać Pistacje/orzechy pistacjowe, \n\nZawiera Soja, \n\nMoże zawierać Orzechy włoskieInne informacje o zawartości produktu:Syrop glukozowy lub glukozowo-fruktozowy:Zawiera"}, {"header": "Wartość odżywcza", "content": "W 100 gWartość energetyczna447 kcalTłuszcz16 gw tym kwasy tłuszczowe nasycone7.5 gWęglowodany71 gw tym cukry63 gBiałko3.8 gSól0.65 g"}, {"header": "Pozostałe informacje", "content": "Producent:Mars Polska sp. z o.o.,\nKożuszki Parcel 42,\n96-500 Sochaczew\n0 801 10 63 63Importer:Mars Polska Sp. z o.o.Kożuszki Parcel 42 96-500 Sochaczew PLwaw.reception@effem.comNazwa wymagana prawnie:Puszyste nadzienie (60 %) oblane czekoladą mleczną (39 %)."}], "images": ["data/images/a02ada20c05acb12f137a8c16b2f6198.jpg", "data/images/0b8cbee3ecc324b1680e4ca5f5ce158a.jpg"], "absolute_path": "Artykuły spożywcze/Słodycze/Batony/Produkt 6"}
{"name": "Produkt 13", "url": "https://zakupy.biedronka.pl/vitanella-vitanella-baton-protein-bez-dodatku-cukrow-27-bialka-49-g-0000007933.html", "title": "Vitanella Baton Protein bez dodatku cukrów 27 % białka 49 g", "brand": "Vitanella", "price": "4.99 PLN", "packaging_details": "0.049kg- 101,84 zł / kg", "description_sections": [{"header": "Opis produktu", "content": "Nutriscore:E"}, {"header": "Składniki i alergeny", "content": "Składniki:koncentrat białek serwatkowych w proszku (zmleka), nadzienie karmelowe bez dodatku cukrów [ekstrakt jabłka, koncentrat białek serwatkowych (zmleka) 14 %,mlekozagęszczone niesłodzone 8,7 %, tłuszcz kokosowy, barwnik: karmel; emulgator: mono - i diglicerydy kwasów tłuszczowych; sól, naturalny aromat], kawałki orzeszków arachidowych, substancja słodząca: maltitole; tłuszcz kakaowy, orzeszkiarachidowe9 %,mlekow proszku odtłuszczone, tłuszcz palmowy, miazga kakaowa,mlekow proszku pełne, tłuszczmleczny, emulgator: lecytyny; sól, naturalny aromat orzeszka arachidowego (zawiera orzeszkiarachidowe), ekstrakt z wanilii. Czekoladamleczna: masa kakaowa minimum 32 % w nadzieniu karmelowym bez dodatku cukrów. Produkt może zawierać:orzechy,jaja,sojęi zboża zawierające glutenAlergeny:Mleko i produkty pochodne (łącznie z laktozą), \n\nOrzeszki ziemne (arachidowe) i produkty pochodneInne informacje o zawartości produktu:Zawiera surowce GMO:Nie, \n\nInformacje szczegółowe dotyczące środków słodzących:zawiera substancję słodzącą, \n\nZawiera barwniki:Tak, \n\nZawiera aromaty:Tak, \n\nPoziom znakowania Nutriscore:E"}, {"header": "Wartość odżywcza", "content": "W 100 gWartość energetyczna kcal512 kcalZawartość tłuszczów (ogólnie)32 gKwasy tłuszczowe nasycone16 gZawartość węglowodanów30 gCukry17 gAlkohole wielowodorotlenowe - poliole9.8 gZawartość błonnika2.4 gZawartość białek28 gZawartość soli0.47 g"}, {"header": "Pozostałe informacje", "content": "Producent:Millano sp. z o.o. S.K.A.Importer:Jeronimo Martins Polska S.A.Żniwna 5 62-025 Kostrzyn PLNazwa wymagana prawnie:Wysokobiałkowa czekolada mleczna bez dodatku cukrów z nadzieniem (30%) arachidowym i nadzieniem (20%) karmelowym z kawałkami orzeszków arachidowych (10%). Zawiera substancję słodzącą. Zawiera naturalnie występujące cukry."}], "images": ["data/images/e3bd58ba1e78799447307e79db901dac.jpg"], "absolute_path": "Artykuły spożywcze/Słodycze/Batony/Produkt 13"}
{"name": "Produkt 10", "url": "https://zakupy.biedronka.pl/e.-wedel-e.-wedel-pawelek-batonik-mleczny-toffi-45-g-0000010767.html", "title": "E. Wedel Pawełek Batonik mleczny toffi 45 g", "brand": "E. Wedel", "price": "3.49 PLN", "packaging_details": "0.045kg- 77,56 zł / kg", "description_sections": [{"header": "Opis produktu", "content": "Baton mleczny, który zachwyca swoim smakiem od 1987 roku? Pawełek, czyli Twoja chwila przyjemności z wedlowską czekoladą mleczną i nadzieniem toffi.Od ponad 30 lat Pawełek zapewnia unikalne doznania smakowe. Przez ten czas wiele osób zastanawiało się, skąd wzięła się nazwa tego mlecznego batona. Teraz czas odsłonić karty i rozwikłać tę słodką tajemnicę. Pawełka wymyśliły dwie doświadczone czekoladniczki, które w tym samym czasie urodziły synów i nadały im to samo imię - Paweł. Tak powstał kultowy Pawełek, którym rozkoszuje się kolejne pokolenie Polaków.Ten kultowy baton to pięć pysznych kostek z intensywnym, gęstym kremem toffi, który przyjemnie rozpływa się w ustach. Charakterystyczny smak wedlowskiej czekolady mlecznej pochodzi ze starannie wyselekcjonowanych ziaren kakaowca z Ghany. Do najwyższej jakości kakao dodajemy mleko w większości od polskich dostawców. I to właśnie dzięki niemu wedlowska czekolada tak cudownie rozpływa się w ustach.Baton toffi zapewni Ci słodką chwilę przyjemności! Spróbuj, jak smakuje!• Pięć pysznych kostek czekolady mlecznej• Gęsty i intensywny w smaku krem toffi• Najwyższej jakości kakao z Ghany• Opakowanie 45 gPawełek dostępny jest również w innych wariantach smakowych. Spróbuj także batonów: Pawełek Duo Kokos, Pawełek Duo Czekolada, Pawelek Śmietanka, Pawełek Advocat, Pawełek Caffe Latte.Subrand:Pawełek"}, {"header": "Składniki i alergeny", "content": "Składniki:czekoladamleczna50 % (cukier, tłuszcz kakaowy,mlekopełne w proszku, miazga kakaowa, serwatka w proszku (zmleka), tłuszczmleczny, emulgatory: lecytynysojowei E 476, aromat),cukier,mlekozagęszczone słodzone,syrop glukozowy,spirytus (2,3 %),tłuszcz roślinny (palmowy),mlekopełne w proszku,serwatka w proszku (zmleka),substancja utrzymująca wilgoć (inwertaza),aromaty,emulgator (lecytynysojowe),Czekoladamleczna: masa kakaowa minimum 29 %, masamlecznaminimum 14 %Alergeny:Może zawierać Zboża zawierające gluten, \n\nMoże zawierać Jaja, \n\nZawiera Mleko, \n\nMoże zawierać Orzechy, \n\nMoże zawierać Orzeszki ziemne, \n\nZawiera SojaInne informacje o zawartości produktu:Barwniki:Zawiera, \n\nSmaki / Aromaty:Zawiera, \n\nSyrop glukozowy lub glukozowo-fruktozowy:Zawiera"}, {"header": "Wartość odżywcza", "content": "W 100 gWartość energetyczna459 kcalTłuszcz17 gw tym kwasy tłuszczowe nasycone9.2 gWęglowodany68 gw tym cukry64 gBłonnik1.2 gBiałko3.9 gSól0.13 g"}, {"header": "Pozostałe informacje", "content": "Producent:LOTTE Wedel Sp. z o.o.\nul. Zamoyskiego 28\\30\n03-801 Warszawa\nPolskaDystrybutor:LOTTE Wedel Sp. z o.o.ul. Zamoyskiego 28/30 03-801 WarszawaImporter:Lotte Wedel Sp. z o.o.Zamoyskiego 28/30 03-801 Warszawa PLkontakt@wedel.plNazwa wymagana prawnie:Batonik z nadzieniem o smaku toffi w mlecznej czekoladzie."}], "images": ["data/images/6ef501913bc1366c1a36d59ea6d68422.jpg"], "absolute_path": "Artykuły spożywcze/Słodycze/Batony/Produkt 10"}
{"name": "Produkt 9", "url": "https://zakupy.biedronka.pl/baitz-baitz-baton-choco-cocos-50-g-0000009675.html", "title": "Baitz Baton choco cocos 50 g", "brand": "Baitz", "price": "2.39 PLN", "packaging_details": "0.05kg- 47,80 zł / kg", "description_sections": [{"header": "Składniki i alergeny", "content": "Składniki:czekoladamleczna27% (cukier, tłuszcz kakaowy,mlekopełne w proszku, miazga kakaowa, emulgator: lecytyny (ze słonecznika): ekstrakt waniliowy), cukier, wiórki kokosowe 24,5%, syrop glukozowy, serwatka w proszku (zmleka), substancje stabilizujące: gliceryna, inwertaza. Czekoladamleczna: zawartość masy kakaowej minimum 30%. Produkt może zawierać zboża zawierające gluten,soję, nasionasezamu, orzeszkiarachidowei inneorzechy.Alergeny:Mleko i produkty pochodne (łącznie z laktozą)Inne informacje o zawartości produktu:Zawiera surowce GMO:Nie, \n\nInformacje szczegółowe dotyczące środków słodzących:zawiera syrop glukozowy lub glukozowo-fruktozowy, \n\nDodatki zawarte w produkcie (E-symbole):E322 Lecytyny"}, {"header": "Wartość odżywcza", "content": "W 100 gWartość energetyczna kcal481 kcalZawartość tłuszczów (ogólnie)25 gKwasy tłuszczowe nasycone20 gZawartość węglowodanów58 gCukry50 gZawartość błonnika4 gZawartość białek4.1 gZawartość soli0.07 g"}, {"header": "Pozostałe informacje", "content": "Producent:Jutrzenka Dobre Miasto Sp. z o.o.Dystrybutor:Jeronimo Martins Polska S.A.Żniwna 5 62-025 KostrzynImporter:Jeronimo Martins Polska S.A.Żniwna 5 62-025 Kostrzyn PLNazwa wymagana prawnie:Baton w czekoladzie mlecznej z wiórkami kokosowymi"}], "images": ["data/images/fd3cc709e56bdabf259c639562d52ce5.jpg"], "absolute_path": "Artykuły spożywcze/Słodycze/Batony/Produkt 9"}
{"name": "Produkt 12", "url": "https://zakupy.biedronka.pl/kinder-bueno-kinder-bueno-wafel-pokryty-mleczna-czekolada-wypelniony-nadzieniem-5-szt.-1075-g-0000009259.html", "title": "Kinder Bueno Wafel pokryty mleczną czekoladą wypełniony nadzieniem (5 szt.) 107,5 g", "brand": "Kinder Bueno", "price": "9.19 PLN", "packaging_details": "107.5g- 0,09 zł / g", "description_sections": [{"header": "Opis produktu", "content": "Wafel pokryty mleczną czekoladą wypełniony delikatnym mleczno-orzechowym nadzieniem (54%)"}, {"header": "Składniki i alergeny", "content": "Składniki:Czekolada MLECZNA 31,5% (cukier, tłuszcz kakaowy, miazga kakaowa, MLEKO odtłuszczone w proszku, MASŁO odwodnione, emulgator: lecytyny (SOJA); wanilina), cukier, olej palmowy, mąka PSZENNA, ORZECHY LASKOWE (10,8%), MLEKO odtłuszczone w proszku (8,5%), MLEKO pełne w proszku (5,5%), czekolada 1,5% (cukier, miazga kakaowa, tłuszcz kakaowy, emulgator: lecytyny (SOJA); wanilina), kakao w proszku o obniżonej zawartości tłuszczu, emulgator: lecytyny (SOJA); substancje spulchniające (wodorowęglan sodu), sól, wanilina. Składnikimleka: 19,5%.Alergeny:Mleko i produkty pochodne (łącznie z laktozą), \n\nSoja i produkty pochodne, \n\nZboża zawierajace gluten, \n\nPszenica i produkty z pszenicy, \n\nOrzechy, \n\nOrzechy laskowe i produkty z orzechów laskowychInne informacje o zawartości produktu:Zawiera surowce GMO:Nie"}, {"header": "Wartość odżywcza", "content": "W 100 gWartość energetyczna kcal572 kcalZawartość tłuszczów (ogólnie)37.3 gKwasy tłuszczowe nasycone17.3 gZawartość węglowodanów49.5 gCukry41.2 gZawartość białek8.6 gZawartość soli0.27 g"}, {"header": "Pozostałe informacje", "content": "Kraj pochodzenia:PolskaKraj pochodzenia zależy od konkretnej partii produktu jaka znajduje się w sklepie. Informację o kraju pochodzenia znajdziesz na opakowaniu. Możesz również dodać komentarz z preferowanym typem produktu w koszyku lub wiadomości dla shoppera (np. “prosze o pomidory polskie”).Producent:Ferrero Polska Commercial Sp. z o.o.,\nul. Wiertnicza 126,\n02-952 Warszawa\n\nInfolinia Ferrero w Polsce\n801 550 550\nOpłata według stawek operatora\nwww.ferrero.pl\nserwis.konsumencki@ferrero.comImporter:Ferrero Polska Commercial Sp. z o.o.Wiertnicza 126 02-952 Warszawa PLjulia.jaszczur@ferrero.comNazwa wymagana prawnie:Wafel pokryty mleczną czekoladą wypełniony delikatnym mleczno-orzechowym nadzieniem (54%)"}], "images": ["data/images/da77c618bef0bd8fe53b551f31f5e25f.jpg"], "absolute_path": "Artykuły spożywcze/Słodycze/Batony/Produkt 12"}
{"name": "Produkt 11", "url": "https://zakupy.biedronka.pl/snickers-snickers-czekolada-mleczna-z-nugatem-i-nadzieniem-karmelowym-z-orzeszkami-ziemnymi-150-g-3-x-50-g-0000017384.html", "title": "Snickers Czekolada mleczna z nugatem i nadzieniem karmelowym z orzeszkami ziemnymi 150 g (3 x 50 g)", "brand": "Snickers", "price": "9.99 PLN", "packaging_details": "0.15kg- 66,60 zł / kg", "description_sections": [{"header": "Opis produktu", "content": "Baton z miękkim nugatem, nadzieniem karmelowym i orzeszkami ziemnymi oblany mleczną czekoladą.Subrand:Snickers Baton z nadzieniem i orzeszkami ziemnymi w karmelu i czekoladzie 150 g (3 x 50 g)"}, {"header": "Składniki i alergeny", "content": "Składniki:cukier,syrop glukozowy,orzeszki ziemne,odtłuszczonemlekow proszku,tłuszcz kakaowy,miazga kakaowa,permeat serwatki (mleko),olej słonecznikowy,tłuszczmleczny,tłuszcz palmowy,sól,emulgator (lecytyna sojowa),białkojajaw proszku,Czekoladamlecznaoprócz tłuszczu kakaowego zawiera tłuszcze roślinneAlergeny:Zawiera Jaja, \n\nZawiera Mleko, \n\nMoże zawierać Orzechy, \n\nZawiera Orzeszki ziemne, \n\nZawiera SojaInne informacje o zawartości produktu:Syrop glukozowy lub glukozowo-fruktozowy:Zawiera"}, {"header": "Wartość odżywcza", "content": "W 100 gWartość energetyczna490 kcalTłuszcz23 gw tym kwasy tłuszczowe nasycone7.6 gWęglowodany60 gw tym cukry51 gBiałko8.7 gSól0.52 g"}, {"header": "Pozostałe informacje", "content": "Producent:Mars Polska sp. z o.o.,\nKożuszki Parcel 42,\n96-500 Sochaczew\n0 801 10 63 63Nazwa wymagana prawnie:Czekolada mleczna (35 %) z miękkim nugatem (14 %) i nadzieniem karmelowym (28 %) z orzeszkami ziemnymi (22 %)."}], "images": ["data/images/68a86520c72710d1665c512f6441efba.jpg", "data/images/16232fbbbd923695e32125633331c074.jpg"], "absolute_path": "Artykuły spożywcze/Słodycze/Batony/Produkt 11"}
{"name": "Produkt 14", "url": "https://zakupy.biedronka.pl/dobra-kaloria-dobra-kaloria-mini-batoniki-z-nerkowcow-%C3%A0-la-tarta-malinowa-6-x-17-g-102-g-0000015395.html", "title": "Dobra Kaloria Mini batoniki z nerkowców à la tarta malinowa (6 x 17 g) 102 g", "brand": "Dobra Kaloria", "price": "10.49 PLN", "packaging_details": "0.102kg- 102,84 zł / kg", "description_sections": [{"header": "Opis produktu", "content": "Bez dodatku cukrów. Zawiera naturalnie występujące cukry."}, {"header": "Składniki i alergeny", "content": "Składniki:orzechynerkowca (34 %),rodzynki (28 %),pasta daktylowa,orzechynerkowca prażone (5 %),chrupki komosowe (komosa ryżowa, błonnik z cykorii, sok z buraka w proszku),maliny liofilizowane (1 %),naturalny aromatAlergeny:Zawiera Orzechy nerkowca, \n\nMoże zawierać Zboża zawierające gluten, \n\nMoże zawierać Orzechy, \n\nMoże zawierać Orzeszki ziemne, \n\nMoże zawierać Sezam"}, {"header": "Wartość odżywcza", "content": "W 100 gWartość energetyczna406 kcalTłuszcz16 gw tym kwasy tłuszczowe nasycone2.6 gWęglowodany53 gw tym cukry46 gBłonnik6.4 gBiałko8.9 gSól0.02 gWitaminy i składniki mineralnew 100  g% RWS w 100  gMagnez142 mg0%Potas672 mg0%"}, {"header": "Pozostałe informacje", "content": "Producent:KUBARA sp. z o.o.,\nul. Bema 32,\n42-202 Częstochowa,\nPolskaDystrybutor:KUBARA sp. z o.o.ul. Bema 32 42-202 CzęstochowaNazwa wymagana prawnie:Batoniki orzechowe z malinami."}], "images": ["data/images/610a4b3d0999451f2e8daf78e5e06fc4.jpg"], "absolute_path": "Artykuły spożywcze/Słodycze/Batony/Produkt 14"}
{"name": "Produkt 15", "url": "https://zakupy.biedronka.pl/go-on-go-on-energy-baton-z-orzeszkami-arachidowymi-i-karmelem-oblany-mleczna-czekolada-45-g-0000806787.html", "title": "Go On Energy Baton z orzeszkami arachidowymi i karmelem oblany mleczną czekoladą 45 g", "brand": "Go On", "price": "3.49 PLN", "packaging_details": "0.045kg- 77,56 zł / kg", "description_sections": [{"header": "Opis produktu", "content": "Niacyna, Tiamina, Witamina B5, Witamina B6, Witamina B12 wspomagają metabolizm energetyczny. Magnez i Witamina C pomagają w prawidłowym funkcjonowaniu układu nerwowego. Zrównoważony sposób żywienia i prawidłowy tryb życia jest ważny dla funkcjonowania organizmu człowieka.Subrand:Energy"}, {"header": "Składniki i alergeny", "content": "Alergeny:Może zawierać Migdały, \n\nMoże zawierać Orzechy brazylijskie, \n\nMoże zawierać Orzechy nerkowca, \n\nMoże zawierać Zboża zawierające gluten, \n\nMoże zawierać Orzechy laskowe, \n\nMoże zawierać Orzechy makadamia / Orzechy Queensland, \n\nZawiera Mleko, \n\nMoże zawierać Orzechy, \n\nZawiera Orzeszki ziemne, \n\nMoże zawierać Orzeszki pekan, \n\nMoże zawierać Pistacje/orzechy pistacjowe, \n\nZawiera Soja, \n\nMoże zawierać Orzechy włoskieInne informacje o zawartości produktu:Smaki / Aromaty:Zawiera, \n\nSyrop glukozowy lub glukozowo-fruktozowy:Zawiera"}, {"header": "Wartość odżywcza", "content": "W 100 gWartość energetyczna476 kcalTłuszcz25 gw tym kwasy tłuszczowe nasycone7.8 gWęglowodany53 gw tym cukry32 gBłonnik3 gBiałko9.8 gSól0.5 gWitaminy i składniki mineralnew 100  g% RWS w 100  gKwas pantotenowy5 mg38%Magnez167 mg20%Niacyna (B3)18 mg51%Tiamina (B1)1.1 mg45%Witamina B122.1 µg38%Witamina B61.3 mg42%Witamina C67 mg38%Witamina E14 mg53%"}, {"header": "Pozostałe informacje", "content": "Producent:Sante sp. z o.o.\nul. Jagiellońska 55A,\n03-301 Warszawa,\nPolskaDystrybutor:Jeronimo Martins Polska S.A.Żniwna 5 62-025 Kostrzyn PLImporter:Jeronimo Martins Polska S.A.Żniwna 5 62-025 Kostrzyn PLNazwa wymagana prawnie:Baton z orzeszkami arachidowymi i karmelem. Wzbogacony guaraną, magnezem i witaminami. Oblany mleczną czekoladą."}], "images": ["data/images/2b06b39baa9ccf2e2802f9a0f39159ca.jpg", "data/images/0b84b13a11d64430294c62c6da5c613c.jpg"], "absolute_path": "Artykuły spożywcze/Słodycze/Batony/Produkt 15"}
{"name": "Produkt 16", "url": "https://zakupy.biedronka.pl/go-on-go-on-vitamin-baton-kokosowy-z-l-karnityna-magnezem-i-witaminami-oblany-mleczna-czekolada-45-g-0000806786.html", "title": "Go On Vitamin Baton kokosowy z l-karnityną magnezem i witaminami oblany mleczną czekoladą 45 g", "brand": "Go On", "price": "3.49 PLN", "packaging_details": "0.045kg- 77,56 zł / kg", "description_sections": [{"header": "Opis produktu", "content": "Niacyna, Tiamina, Witamina B5, Witamina B6, Witamina B12 wspomagają metabolizm energetyczny. Magnez i Witamina C pomagają w prawidłowym funkcjonowaniu układu nerwowego. Zrównoważony sposób żywienia i prawidłowy tryb życia jest ważny dla funkcjonowania organizmu człowieka.Subrand:Vitamin"}, {"header": "Składniki i alergeny", "content": "Alergeny:Może zawierać Migdały, \n\nMoże zawierać Orzechy brazylijskie, \n\nMoże zawierać Orzechy nerkowca, \n\nMoże zawierać Zboża zawierające gluten, \n\nMoże zawierać Orzechy laskowe, \n\nMoże zawierać Orzechy makadamia / Orzechy Queensland, \n\nZawiera Mleko, \n\nMoże zawierać Orzechy, \n\nMoże zawierać Orzeszki ziemne, \n\nMoże zawierać Orzeszki pekan, \n\nMoże zawierać Pistacje/orzechy pistacjowe, \n\nZawiera Soja, \n\nMoże zawierać Orzechy włoskieInne informacje o zawartości produktu:Smaki / Aromaty:Zawiera, \n\nSyrop glukozowy lub glukozowo-fruktozowy:Zawiera"}, {"header": "Wartość odżywcza", "content": "W 100 gWartość energetyczna478 kcalTłuszcz27 gw tym kwasy tłuszczowe nasycone21 gWęglowodany54 gw tym cukry39 gBłonnik7 gBiałko3.8 gSól0.42 gWitaminy i składniki mineralnew 100  g% RWS w 100  gKwas pantotenowy5 mg38%Magnez149 mg18%Niacyna (B3)14 mg39%Tiamina (B1)0.9 mg37%Witamina B122.2 µg40%Witamina B61.2 mg39%Witamina C66 mg37%Witamina E10 mg38%"}, {"header": "Pozostałe informacje", "content": "Dystrybutor:Jeronimo Martins Polska S.A.Żniwna 5 62-025 Kostrzyn PLImporter:Jeronimo Martins Polska S.A.Żniwna 5 62-025 Kostrzyn PLNazwa wymagana prawnie:Vitamin - baton kokosowy z L-karnityną, magnezem witaminami. Oblany mleczną czekoladą."}], "images": ["data/images/8716a1a5d4273e69202d31b40b96e14f.jpg", "data/images/56e2f99269935e4f6e4412368375dcca.jpg"], "absolute_path": "Artykuły spożywcze/Słodycze/Batony/Produkt 16"}
{"name": "Produkt 17", "url": "https://zakupy.biedronka.pl/twix-twix-ciasteczka-oblane-karmelem-i-mleczna-czekolada-50-g-2-x-25-g-0000009751.html", "title": "Twix Ciasteczka oblane karmelem i mleczną czekoladą 50 g (2 x 25 g)", "brand": "Twix", "price": "3.99 PLN", "packaging_details": "0.05kg- 79,80 zł / kg", "description_sections": [{"header": "Składniki i alergeny", "content": "Składniki:cukier,syrop glukozowy,mąkapszenna,tłuszcz palmowy,odtłuszczonemlekow proszku,tłuszcz kakaowy,miazga kakaowa,permeat serwatki (mleko),tłuszczmleczny,odtłuszczone kakao w proszku,sól,emulgator (lecytyna sojowa),substancja spulchniająca (E500),aromatAlergeny:Może zawierać Migdały, \n\nMoże zawierać Orzechy brazylijskie, \n\nMoże zawierać Orzechy nerkowca, \n\nMoże zawierać Zboża zawierające gluten, \n\nMoże zawierać Orzechy laskowe, \n\nMoże zawierać Orzechy makadamia / Orzechy Queensland, \n\nZawiera Mleko, \n\nMoże zawierać Orzechy, \n\nMoże zawierać Orzeszki pekan, \n\nMoże zawierać Pistacje/orzechy pistacjowe, \n\nZawiera Soja, \n\nMoże zawierać Orzechy włoskie, \n\nZawiera PszenicaInne informacje o zawartości produktu:Smaki / Aromaty:Zawiera, \n\nSyrop glukozowy lub glukozowo-fruktozowy:Zawiera"}, {"header": "Wartość odżywcza", "content": "W 100 gWartość energetyczna493 kcalTłuszcz24 gw tym kwasy tłuszczowe nasycone14 gWęglowodany65 gw tym cukry48 gBiałko4.6 gSól0.39 g"}, {"header": "Pozostałe informacje", "content": "Producent:Mars Polska sp. z o.o.,\nKożuszki Parcel 42,\n96-500 Sochaczew\n0 801 10 63 63Nazwa wymagana prawnie:Ciasteczka (26 %) oblane karmelem (32 %) i mleczną czekoladą (35 %)."}], "images": ["data/images/d251c32206211a18cc13139c735a5112.jpg", "data/images/db00ad46a36190826b7636a636c7d46c.jpg"], "absolute_path": "Artykuły spożywcze/Słodycze/Batony/Produkt 17"}
{"name": "Produkt 18", "url": "https://zakupy.biedronka.pl/twix-twix-xtra-ciasteczka-oblane-karmelem-i-mleczna-czekolada-2-x-375-g-75-g-0000009755.html", "title": "Twix Xtra Ciasteczka oblane karmelem i mleczną czekoladą (2 x 37,5 g) 75 g", "brand": "Twix", "price": "4.99 PLN", "packaging_details": "0.075kg- 66,53 zł / kg", "description_sections": [{"header": "Opis produktu", "content": "Lewy czy prawy? Wybierz Twix Xtra"}, {"header": "Składniki i alergeny", "content": "Składniki:cukier,syrop glukozowy,mąkapszenna,tłuszcz palmowy,odtłuszczonemlekow proszku,tłuszcz kakaowy,miazga kakaowa,permeat serwatki (mleko),tłuszczmleczny,emulgatory (lecytyna sojowa, E442),sól,odtłuszczone kakao w proszku,substancja spulchniająca (E500),aromat,Czekoladamlecznaoprócz tłuszczu kakaowego zawiera tłuszcze roślinneAlergeny:Może zawierać Migdały, \n\nMoże zawierać Orzechy brazylijskie, \n\nMoże zawierać Orzechy nerkowca, \n\nMoże zawierać Zboża zawierające gluten, \n\nMoże zawierać Orzechy laskowe, \n\nMoże zawierać Orzechy makadamia / Orzechy Queensland, \n\nZawiera Mleko, \n\nMoże zawierać Orzechy, \n\nMoże zawierać Orzeszki pekan, \n\nMoże zawierać Pistacje/orzechy pistacjowe, \n\nZawiera Soja, \n\nMoże zawierać Orzechy włoskie, \n\nZawiera PszenicaInne informacje o zawartości produktu:Smaki / Aromaty:Zawiera, \n\nSyrop glukozowy lub glukozowo-fruktozowy:Zawiera"}, {"header": "Wartość odżywcza", "content": "W 100 gWartość energetyczna493 kcalTłuszcz24 gw tym kwasy tłuszczowe nasycone14 gWęglowodany65 gw tym cukry48 gBiałko4.6 gSól0.39 g"}, {"header": "Pozostałe informacje", "content": "Producent:Mars Polska sp. z o.o.,\nKożuszki Parcel 42,\n96-500 Sochaczew\n0 801 10 63 63Importer:Mars Polska Sp. z o.o.Kożuszki Parcel 42 96-500 Sochaczew PLwaw.reception@effem.comNazwa wymagana prawnie:Ciasteczka (26 %) oblane karmelem (32 %) i mleczną czekoladą (35 %)."}], "images": ["data/images/db06cd77708e9d3bccca1ae0fd60bc77.jpg", "data/images/781f9c134821fb086c0a718d5de8352a.jpg"], "absolute_path": "Artykuły spożywcze/Słodycze/Batony/Produkt 18"}
{"name": "Produkt 20", "url": "https://zakupy.biedronka.pl/duplo-duplo-wafel-z-orzechowym-nadzieniem-pokryty-mleczna-czekolada-5-szt.-91-g-0000004886.html", "title": "Duplo Wafel z orzechowym nadzieniem pokryty mleczną czekoladą (5 szt.) 91 g", "brand": "Duplo", "price": "7.99 PLN", "packaging_details": "0.091kg- 87,80 zł / kg", "description_sections": [{"header": "Opis produktu", "content": "Chrupiący wafelek z delikatnym kremem orzechowym oblany wyśmienitą mleczną czekoladą. Tak niepowtarzalnie smakuje tylko Duplo."}, {"header": "Składniki i alergeny", "content": "Składniki:czekoladamleczna49,5 % (cukier, tłuszcz kakaowy,mlekopełne w proszku, miazga kakaowa, emulgator: lecytyny (soja) wanilina),cukier,tłuszcze roślinne (palmowy, shea),mąkapszenna,orzechylaskowe(5,5 %),serwatka w proszku,kakao w proszku o obniżonej zawartości tłuszczu,emulgator: lecytyny (soja);,skrobiapszenna,sól,wanilina,substancja spulchniająca (wodorowęglan sodu)Alergeny:Może zawierać Migdały, \n\nZawiera Orzechy laskowe, \n\nZawiera Mleko, \n\nZawiera Soja, \n\nZawiera Pszenica"}, {"header": "Wartość odżywcza", "content": "W 100 gWartość energetyczna551 kcalTłuszcz33 gw tym kwasy tłuszczowe nasycone18.9 gWęglowodany56 gw tym cukry50.4 gBiałko6.1 gSól0.19 g"}, {"header": "Pozostałe informacje", "content": "Producent:Infolinia Ferrero w Polsce\n801 550 550\nopłata według stawek operatora\nwww.ferrero.pl\nserwis.konsumencki@ferrero.comNazwa wymagana prawnie:Wafel (7 %) z orzechowym nadzieniem (43 %) pokryty mleczną czekoladą."}], "images": ["data/images/bdc29a8125f63ccdb37e97d0d84fca12.jpg"], "absolute_path": "Artykuły spożywcze/Słodycze/Batony/Produkt 20"}
{"name": "Produkt 22", "url": "https://zakupy.biedronka.pl/kinder-crispy-kinder-crispy-34-g-0000023475.html", "title": "Kinder Crispy 34 g", "brand": "Kinder Crispy", "price": "3.49 PLN", "packaging_details": "0.034kg- 102,65 zł / kg", "description_sections": [{"header": "Opis produktu", "content": "Chrupiący wafelek (11,5%) z nadzieniem kakaowym i orzechowym (22%), mlecznym (21,5%) oraz kakaowym i mlecznym (12%), pokryty mleczną czekoladą i okruchami herbatników (3%)."}, {"header": "Składniki i alergeny", "content": "Składniki:Czekolada MLECZNA (29,5%) [cukier, tłuszcz kakaowy, miazga kakaowa, odtłuszczone MLEKO w proszku, bezwodny tłuszcz MLECZNY, emulgator: lecytyny (SOJA); wanilina], olej palmowy, cukier, mąka PSZENNA (11,5%), odtłuszczone MLEKO w proszku (8%), MLEKO pełne w proszku (6%), ORZECHY LASKOWE (3%), kakao w proszku o obniżonej zawartości tłuszczu (1,5%), skrobia PSZENNA, emulgator: lecytyna (SOJA); serwatka w proszku (MLEKO), otręby PSZENNE, sól, substancje spulchniające: wodorowęglan sodu, difosforan disodu, wodorowęglan amonu; miód, słodowana mąka JĘCZMIENNA, wanilina, słód JĘCZMIENNY i ekstrakt kukurydziany w proszku. Składnikimleka: 18,5%.Alergeny:Mleko i produkty pochodne (łącznie z laktozą), \n\nSoja i produkty pochodne, \n\nZboża zawierajace gluten, \n\nPszenica i produkty z pszenicy, \n\nJęczmień i produkty jęczmienne, \n\nOrzechy, \n\nOrzechy laskowe i produkty z orzechów laskowychInne informacje o zawartości produktu:Zawiera surowce GMO:Nie, \n\nInformacje szczegółowe dotyczące środków słodzących:Nie, \n\nZawiera lukrecję:Nie, \n\nZawiera chininę:Nie, \n\nZawiera taurynę:Nie, \n\nZawiera przeciwutleniacze:Nie, \n\nZawiera wzmacniacze smaku:Nie, \n\nZawiera fosforany:Nie, \n\nZawiera siarczyny:Nie, \n\nZawiera barwniki:Nie, \n\nZawiera aromaty:Tak, \n\nZawiera antybiotyki:Nie, \n\nZawiera substancje konserwujące:Nie, \n\nZawiera tłuszcze utwardzone (trans):Nie, \n\nZawiera olej palmowy:Tak, \n\nZawiera kofeinę:Nie, \n\nŚrodki spozywcze z dodatkiem fitosteroli, estrów fitosteroli, fitostanoli lub estrów fitostanoli:Nie, \n\nPlant based - produkt bazujący na składnikach roślinnych:Nie"}, {"header": "Wartość odżywcza", "content": "W 100 gWartość energetyczna kcal573 kcalZawartość tłuszczów (ogólnie)36.8 gKwasy tłuszczowe nasycone20.3 gZawartość węglowodanów51.8 gCukry43.5 gZawartość białek7.8 gZawartość soli0.28 g"}, {"header": "Pozostałe informacje", "content": "Kraj pochodzenia:NiemcyKraj pochodzenia zależy od konkretnej partii produktu jaka znajduje się w sklepie. Informację o kraju pochodzenia znajdziesz na opakowaniu. Możesz również dodać komentarz z preferowanym typem produktu w koszyku lub wiadomości dla shoppera (np. “prosze o pomidory polskie”).Importer:Ferrero Polska Commercial Sp. z o.o.Wiertnicza 126 02-952 Warszawa PLjulia.jaszczur@ferrero.comNazwa wymagana prawnie:Chrupiący wafelek (11,5%) z nadzieniem kakaowym i orzechowym (22%), mlecznym (21,5%) oraz kakaowym i mlecznym (12%), pokryty mleczną czekoladą i okruchami herbatników (3%)."}], "images": ["data/images/cd25b43703a61e3c62b1c6179407418b.jpg"], "absolute_path": "Artykuły spożywcze/Słodycze/Batony/Produkt 22"}
{"name": "Produkt 19", "url": "https://zakupy.biedronka.pl/snickers-snickers-czekolada-mleczna-z-nugatem-i-nadzieniem-karmelowym-z-orzeszkami-ziemnymi-75-g-2-x-375-g-0000009753.html", "title": "Snickers Czekolada mleczna z nugatem i nadzieniem karmelowym z orzeszkami ziemnymi 75 g (2 x 37,5 g)", "brand": "Snickers", "price": "4.99 PLN", "packaging_details": "0.075kg- 66,53 zł / kg", "description_sections": [{"header": "Opis produktu", "content": "Baton z miękkim nugatem, nadzieniem karmelowym i orzeszkami ziemnymi oblany mleczną czekoladą."}, {"header": "Składniki i alergeny", "content": "Składniki:cukier,syrop glukozowy,orzeszki ziemne,odtłuszczonemlekow proszku,tłuszcz kakaowy,miazga kakaowa,permeat serwatki (mleko),olej słonecznikowy,tłuszczmleczny,tłuszcz palmowy,sól,emulgator (lecytyna sojowa),białkojajaw proszku,Czekoladamlecznaoprócz tłuszczu kakaowego zawiera tłuszcze roślinneAlergeny:Zawiera Jaja, \n\nMoże zawierać Orzechy laskowe, \n\nZawiera Mleko, \n\nZawiera Orzeszki ziemne, \n\nZawiera SojaInne informacje o zawartości produktu:Syrop glukozowy lub glukozowo-fruktozowy:Zawiera"}, {"header": "Wartość odżywcza", "content": "W 100 gWartość energetyczna489 kcalTłuszcz23 gw tym kwasy tłuszczowe nasycone7.7 gWęglowodany60 gw tym cukry51 gBiałko8.7 gSól0.52 g"}, {"header": "Pozostałe informacje", "content": "Producent:Mars Polska sp. z o.o.,\nKożuszki Parcel 42,\n96-500 Sochaczew\n0 801 10 63 63Importer:Mars Polska Sp. z o.o.Kożuszki Parcel 42 96-500 Sochaczew PLwaw.reception@effem.comNazwa wymagana prawnie:Czekolada mleczna (35 %) z miękkim nugatem (14 %) i nadzieniem karmelowym (28 %) z orzeszkami ziemnymi (22 %)."}], "images": ["data/images/d45f51a92e3bab2a223e09fea4584844.jpg", "data/images/34155fa369cb62084123cc2a7144c10f.jpg"], "absolute_path": "Artykuły spożywcze/Słodycze/Batony/Produkt 19"}
{"name": "Produkt 21", "url": "https://zakupy.biedronka.pl/vitanella-vitanella-baton-orzeszki-ziemne-migdaly-sol-morska-40-g-0000007920.html", "title": "Vitanella Baton orzeszki ziemne, migdały, sól morska 40 g", "brand": "Vitanella", "price": "3.14 PLN", "packaging_details": "0.04kg- 78,50 zł / kg", "description_sections": [{"header": "Opis produktu", "content": "Nutriscore:D"}, {"header": "Składniki i alergeny", "content": "Składniki:miód,orzeszki ziemne(20%),migdały(14%),orzechybrazylijskie,orzechypekan, nasiona słonecznika, chrupki ryżowe (mąka ryżowa, cukier, emulgator: lecytyny (ze słonecznika), kakao w proszku o obniżonej zawartości tłuszczu), olej kokosowy, sól morska (0,5%). Produkt może zawieraćsezam,sojęlub inneorzechyAlergeny:Orzeszki ziemne (arachidowe) i produkty pochodne, \n\nMigdały i produkty z migdałami, \n\nOrzechy pekan i produkty z orzecha pekan, \n\nOrzech brazylijski i produkty z orzecha brazylijskiegoInne informacje o zawartości produktu:Zawiera surowce GMO:Nie, \n\nPoziom znakowania Nutriscore:D"}, {"header": "Wartość odżywcza", "content": "W 100 gWartość energetyczna kcal557 kcalZawartość tłuszczów (ogólnie)40.2 gKwasy tłuszczowe nasycone5.8 gZawartość węglowodanów33.1 gCukry25.5 gZawartość błonnika6.4 gZawartość białek12.6 gZawartość soli0.55 g"}, {"header": "Pozostałe informacje", "content": "Producent:Jeronimo Martins Polska S.A.Dystrybutor:Jeronimo Martins Polska S.A.Żniwna 5 62-025 KostrzynImporter:Jeronimo Martins Polska S.A.Żniwna 5 62-025 Kostrzyn PLNazwa wymagana prawnie:Baton \"VITANELLA\" z orzeszkami ziemnymi, migdałami i solą morską"}], "images": ["data/images/186f5057d35b9c43d40b89a94ba1e4a6.jpg", "data/images/712a9f0293ba703287c44d0677e6dd33.jpg", "data/images/9f83a3e6f2d5e5b3682e04df442665bf.jpg"], "absolute_path": "Artykuły spożywcze/Słodycze/Batony/Produkt 21"}
{"name": "Produkt 23", "url": "https://zakupy.biedronka.pl/kitkat-kitkat-chunky-peanut-butter-paluszek-waflowy-w-mlecznej-czekoladzie-42-g-0000000320.html", "title": "KitKat Chunky Peanut Butter Paluszek waflowy w mlecznej czekoladzie 42 g", "brand": "KitKat", "price": "3.49 PLN", "packaging_details": "0.042kg- 87,25 zł / kg", "description_sections": [{"header": "Opis produktu", "content": "Czas na wyjątkową przerwę pełną smaku z batonem KitKat Chunky Peanut Butter! Rozkoszuj się chrupiącym wafelkiem otoczonym mleczną czekoladą, przekładanym kremem z orzeszków ziemnych. KitKat Chunky Peanut Butter to doskonała przekąska, która łączy w sobie delikatną słodycz mlecznej czekolady z charakterystycznym smakiem orzeszków. Poczuj bogactwo smaków i pełnię satysfakcji, które sprawią, że każda przerwa stanie się niezapomniana. Ciesz się każdą chwilą z KitKat!Do produktów KitKat wybieramy kakao z certyfikatem Rainforest Alliance. Oznacza to, że nasze ziarna pochodzą z upraw, na których stosuje się zasady zrównoważonego rozwoju. Dzięki temu rolnicy dbają o ochronę środowiska i wspierają lokalne społeczności w poprawie jakości ich życia.KitKat Chunky Peanut Butter to:• Wyjątkowa przekąska łącząca chrupiący wafelek, mleczną czekoladę i krem z orzeszków ziemnych• Świetny towarzysz przerwy w pracy, szkole czy na wycieczce• Produkt, który zawiera kakao z certyfikatem Rainforest Alliance• Doskonały smakNutriscore:ESubrand:Chunky"}, {"header": "Składniki i alergeny", "content": "Składniki:cukier,prażone,orzechyziemne (12 %),mąkapszenna,odtłuszczonemlekow proszku,tłuszcz kakaowy¹,tłuszcze roślinne (palmowy, shea),miazga kakaowa¹,syrop glukozowy,preparat serwatkowy w proszku (zmleka),tłuszczmleczny,kakao w proszku o obniżonej zawartości tłuszczu,sól,emulgator (lecytyny),substancja spulchniająca (węglany sodu),aromaty (zawieraorzechyarachidowe),Mleczna czekolada oprócz tłuszczu kakaowego zawiera tłuszcze roślinne,¹Rainforest Alliance CertifiedAlergeny:Zawiera Mleko, \n\nMoże zawierać Orzechy, \n\nZawiera Orzeszki ziemne, \n\nZawiera PszenicaInne informacje o zawartości produktu:Smaki / Aromaty:Zawiera, \n\nSyrop glukozowy lub glukozowo-fruktozowy:Zawiera"}, {"header": "Wartość odżywcza", "content": "W 100 gWartość energetyczna528 kcalTłuszcz29.8 gw tym kwasy tłuszczowe nasycone14.9 gWęglowodany54 gw tym cukry41.4 gBłonnik3 gBiałko9.2 gSól0.54 g"}, {"header": "Pozostałe informacje", "content": "Producent:Nestlé Polska S.A.,\nul. Domaniewska 32,\n02-672 Warszawa\n800 174 902Dystrybutor:Jeronimo Martins Polska S.A.Żniwna 5 62-025 Kostrzyn PLImporter:Jeronimo Martins Polska S.A.Żniwna 5 62-025 Kostrzyn PLNazwa wymagana prawnie:Paluszek waflowy pokryty kremem arachidowym (19 %), w mlecznej czekoladzie (61 %)."}], "images": ["data/images/840a86efe815bd2732c53f4066d8ffd3.jpg"], "absolute_path": "Artykuły spożywcze/Słodycze/Batony/Produkt 23"}
{"name": "Produkt 27", "url": "https://zakupy.biedronka.pl/kinder-kinder-chocolate-maxi-batonik-z-mlecznej-czekolady-z-nadzieniem-mlecznym-2-x-21-g-42-g-0000015592.html", "title": "Kinder Chocolate Maxi Batonik z mlecznej czekolady z nadzieniem mlecznym (2 x 21 g) 42 g", "brand": "Kinder", "price": "3.99 PLN", "packaging_details": "0.042kg- 95,00 zł / kg", "description_sections": [{"header": "Opis produktu", "content": "Kinder Maxi to twój ulubiony smak w maxi batoniku dla większych ;)  Kinder Maxi  to pojedynczo zapakowane batoniki o wyjątkowym smaku mlecznego nadzienia oraz mlecznej czekolady.Subrand:Chocolate"}, {"header": "Składniki i alergeny", "content": "Składniki:czekoladamleczna40% (cukier,mlekopełne w proszku, tłuszcz kakaowy, miazga kakaowa, emulgator: lecytyny (soja); wanilina),cukier,mlekoodtłuszczone w proszku (18%),olej palmowy,masłoodwodnione,emulgator: lecytyny (soja),wanilina,Składnikimleka: 33% - Składniki kakao: 13%Alergeny:Zawiera Mleko, \n\nZawiera Soja"}, {"header": "Wartość odżywcza", "content": "Wartość energetyczna566 kcalTłuszcz35 gw tym kwasy tłuszczowe nasycone22.6 gWęglowodany53.5 gw tym cukry53.3 gBiałko8.7 gSól0.31 g"}, {"header": "Pozostałe informacje", "content": "Producent:Ferrero Polska Commercial Sp. z o.o.,\nul. Wiertnicza 126,\n02-952 WarszawaDystrybutor:Jeronimo Martins Polska S.A.Żniwna 5 62-025 Kostrzyn PLImporter:Jeronimo Martins Polska S.A.Żniwna 5 62-025 Kostrzyn PLNazwa wymagana prawnie:Batonik z mlecznej czekolady z nadzieniem mlecznym (60%)."}], "images": ["data/images/8cb3a869de348d64b3fc30a47845b9c4.jpg"], "absolute_path": "Artykuły spożywcze/Słodycze/Batony/Produkt 27"}
{"name": "Produkt 26", "url": "https://zakupy.biedronka.pl/knoppers-knoppers-baton-orzechowy-3-x-40-g-120-g-0000007435.html", "title": "Knoppers Baton orzechowy (3 x 40 g) 120 g", "brand": "Knoppers", "price": "6.79 PLN", "packaging_details": "0.12kg- 56,58 zł / kg", "description_sections": [{"header": "Składniki i alergeny", "content": "Składniki:cukier,orzechylaskowe(15,1 %),tłuszcze roślinne (palmowy, shea),syrop glukozowy,mlekopełne w proszku (6,5 %),tłuszcz kakaowy,odtłuszczonemlekow proszku (4,8 %),mąkapszenna(4,3 %),mlekozagęszczone odtłuszczone,miazga kakaowa,pełnoziarnista mąkapszenna(2,3 %),substancja utrzymująca wilgoć: sorbitole,maślanka w proszku (zmleka),laktoza(zmleka),kakao,tłuszczmleczny,śmietanka (zmleka),zagęszczona serwatka (zmleka),masło(zmleka),produkt z serwatki (zmleka),emulgator: lecytyny (zsoi),sól,syrop sacharozowy,kakao o obniżonej zawartości tłuszczu,naturalne aromaty,skrobiapszenna,substancja spulchniająca: wodorowęglan sodu,stabilizator: karagen,naturalny aromat waniliowy,mieloneorzeszki ziemneAlergeny:Może zawierać Migdały, \n\nMoże zawierać Orzechy brazylijskie, \n\nMoże zawierać Orzechy nerkowca, \n\nMoże zawierać Jaja, \n\nZawiera Orzechy laskowe, \n\nMoże zawierać Orzechy makadamia / Orzechy Queensland, \n\nZawiera Mleko, \n\nMoże zawierać Orzechy, \n\nZawiera Orzeszki ziemne, \n\nMoże zawierać Orzeszki pekan, \n\nMoże zawierać Pistacje/orzechy pistacjowe, \n\nZawiera Soja, \n\nMoże zawierać Orzechy włoskie, \n\nZawiera PszenicaInne informacje o zawartości produktu:Smaki / Aromaty:Zawiera, \n\nSyrop glukozowy lub glukozowo-fruktozowy:Zawiera"}, {"header": "Wartość odżywcza", "content": "W 100 gWartość energetyczna531 kcalTłuszcz31.6 gw tym kwasy tłuszczowe nasycone14.1 gWęglowodany52.2 gw tym cukry38.3 gBiałko8.4 gSól0.39 g"}, {"header": "Pozostałe informacje", "content": "Producent:AUGUST STORCK KG\nWaldstr. 27\n13403 Berlin,\nNiemcy\nwww.storck.com\nwww.knoppers.pl\nwww.knoppers.comDystrybutor:STORCK Sp. z o.o.ul. Przyokopowa 26 01-208 WarszawaImporter:Storck sp. z o.o.Przyokopowa 26 01-208 Warszawa PLsekretariat.storck@pl.storck.comNazwa wymagana prawnie:Baton waflowy z kremem mlecznym (14,4 %), kremem nugatowym (14 %), siekanymi orzechami laskowymi (13,4 %) i delikatnym karmelem (22,2 %), oblany mleczną czekoladą (29,5 %)."}], "images": ["data/images/08d0463800a1d414402e4bf876ddfa40.jpg"], "absolute_path": "Artykuły spożywcze/Słodycze/Batony/Produkt 26"}
{"name": "Produkt 25", "url": "https://zakupy.biedronka.pl/snickers-snickers-czekolada-mleczna-z-nugatem-i-nadzieniem-karmelowym-z-orzeszkami-ziemnymi-50-g-0000009752.html", "title": "Snickers Czekolada mleczna z nugatem i nadzieniem karmelowym z orzeszkami ziemnymi 50 g", "brand": "Snickers", "price": "3.99 PLN", "packaging_details": "0.05kg- 79,80 zł / kg", "description_sections": [{"header": "Opis produktu", "content": "Baton z miękkim nugatem, nadzieniem karmelowym i orzeszkami ziemnymi oblany mleczną czekoladą."}, {"header": "Składniki i alergeny", "content": "Składniki:cukier,syrop glukozowy,orzeszki ziemne,odtłuszczonemlekow proszku,tłuszcz kakaowy,miazga kakaowa,permeat serwatki (mleko),olej słonecznikowy,tłuszczmleczny,tłuszcz palmowy,sól,emulgator (lecytyna sojowa),białkojajaw proszku,Czekoladamlecznaoprócz tłuszczu kakaowego zawiera tłuszcze roślinneAlergeny:Zawiera Jaja, \n\nMoże zawierać Orzechy laskowe, \n\nZawiera Mleko, \n\nZawiera Orzeszki ziemne, \n\nZawiera SojaInne informacje o zawartości produktu:Syrop glukozowy lub glukozowo-fruktozowy:Zawiera"}, {"header": "Wartość odżywcza", "content": "W 100 gWartość energetyczna489 kcalTłuszcz23 gw tym kwasy tłuszczowe nasycone7.7 gWęglowodany60 gw tym cukry51 gBiałko8.7 gSól0.52 g"}, {"header": "Pozostałe informacje", "content": "Producent:Mars Polska sp. z o.o.,\nKożuszki Parcel 42,\n96-500 Sochaczew\n0 801 10 63 63Nazwa wymagana prawnie:Czekolada mleczna (35 %) z miękkim nugatem (14 %) i nadzieniem karmelowym (28 %) z orzeszkami ziemnymi (22 %)."}], "images": ["data/images/fe784ddfae6da9768610040a7634aae3.jpg", "data/images/31e3b654e9d9813187a61ee258529ecf.jpg"], "absolute_path": "Artykuły spożywcze/Słodycze/Batony/Produkt 25"}
{"name": "Produkt 28", "url": "https://zakupy.biedronka.pl/kinder-kinder-d%C3%A9lice-kakaowy-biszkopt-z-mlecznym-nadzieniem-39-g-0000012190.html", "title": "Kinder Délice Kakaowy biszkopt z mlecznym nadzieniem 39 g", "brand": "Kinder", "price": "2.99 PLN", "packaging_details": "0.039kg- 76,67 zł / kg", "description_sections": [{"header": "Opis produktu", "content": "Kinder Delice to ciastko, które spełnia wymagania mamy i oczekiwania dziecka. Tworzą je starannie dobrane, naturalne składniki: mleko, mąka, jaja i kakao. Kinder Delice to puszysty biszkopt z pysznym mleczno-kakaowym nadzieniem, który dzieci uwielbiają za wyjątkowy smak, a rodzice cenią za wartości odżywcze.Subrand:Délice"}, {"header": "Składniki i alergeny", "content": "Składniki:cukier,tłuszcze roślinne (palmowy, shea, sal),syrop glukozowo-fruktozowy,substancja utrzymująca wilgoć (glicerol),rehydratowanemlekow proszku (7%),mąkapszenna(6,5%),mlekoodtłuszczone w proszku (5%),dekstroza,kakao w proszku o obniżonej zawartości tłuszczu (3%),kakao w proszku (3%),jaja(2,5%),serwatka w proszku,zagęszczony sok gruszkowy,skrobiapszenna,mlekow proszku (0,5%),emulgatory (mono- i diglicerydy kwasów tłuszczowych, lecytyny (soja)),substancje spulchniające (węglan amonu, wodorowęglan sodu),zagęszczony sok cytrynowy,aromaty,tłuszcz kakaowy,sól,miazga kakaowa,masłoodwodnioneAlergeny:Zawiera Jaja, \n\nZawiera Mleko, \n\nZawiera Soja, \n\nZawiera Pszenica"}, {"header": "Wartość odżywcza", "content": "Wartość energetyczna455 kcalTłuszcz22.6 gw tym kwasy tłuszczowe nasycone13.1 gWęglowodany58.8 gw tym cukry41 gBiałko5.5 gSól0.26 g"}, {"header": "Pozostałe informacje", "content": "Kraj pochodzenia:ItalyKraj pochodzenia zależy od konkretnej partii produktu jaka znajduje się w sklepie. Informację o kraju pochodzenia znajdziesz na opakowaniu. Możesz również dodać komentarz z preferowanym typem produktu w koszyku lub wiadomości dla shoppera (np. “prosze o pomidory polskie”).Producent:Ferrero Polska Commercial Sp. z o.o.\nul. Wiertnicza 126\n02-952 Warszawa\n\nInfolinia Ferrero Polska \n801 550 550 \nOpłata według stawek operatora\nwww.ferrero.plDystrybutor:Jeronimo Martins Polska S.A.Żniwna 5 62-025 Kostrzyn PLImporter:Jeronimo Martins Polska S.A.Żniwna 5 62-025 Kostrzyn PLNazwa wymagana prawnie:Kakaowy biszkopt z mlecznym nadzieniem (15,5%)."}], "images": ["data/images/948dc545f15a47af0fa8291e5eeb6ddc.jpg"], "absolute_path": "Artykuły spożywcze/Słodycze/Batony/Produkt 28"}
{"name": "Produkt 24", "url": "https://zakupy.biedronka.pl/bounty-bounty-czekolada-mleczna-z-nadzieniem-z-miekkiego-kokosa-2-x-285-g-57-g-0000009739.html", "title": "Bounty Czekolada mleczna z nadzieniem z miękkiego kokosa (2 x 28,5 g) 57 g", "brand": "Bounty", "price": "3.99 PLN", "packaging_details": "0.057kg- 70,00 zł / kg", "description_sections": [{"header": "Składniki i alergeny", "content": "Składniki:cukier,wiórki kokosowe,syrop glukozowy,tłuszcz kakaowy,miazga kakaowa,odtłuszczonemlekow proszku,permeat serwatki (mleko),emulgatory (lecytyna sojowa, E471),tłuszczmleczny,substancja utrzymująca wilgoć (glicerol),tłuszcz palmowy,sól,Czekoladamlecznaoprócz tłuszczu kakaowego zawiera tłuszcze roślinneAlergeny:Zawiera Mleko, \n\nZawiera SojaInne informacje o zawartości produktu:Syrop glukozowy lub glukozowo-fruktozowy:Zawiera"}, {"header": "Wartość odżywcza", "content": "W 100 gWartość energetyczna487 kcalTłuszcz26 gw tym kwasy tłuszczowe nasycone21 gWęglowodany60 gw tym cukry48 gBiałko3.8 gSól0.26 g"}, {"header": "Pozostałe informacje", "content": "Producent:Mars Polska sp. z o.o.,\nKożuszki Parcel 42,\n96-500 Sochaczew\n0 801 10 63 63Importer:Mars Polska Sp. z o.o.Kożuszki Parcel 42 96-500 Sochaczew PLwaw.reception@effem.comNazwa wymagana prawnie:Czekolada mleczna (36 %) z nadzieniem z miękkiego kokosa (32 %)."}], "images": ["data/images/7d4ffc92faed35ec3d4348f2273859cb.jpg", "data/images/0e7e6baedaf21d7a3856cd870cc9b218.jpg"], "absolute_path": "Artykuły spożywcze/Słodycze/Batony/Produkt 24"}
{"name": "Produkt 29", "url": "https://zakupy.biedronka.pl/kitkat-kitkat-chunky-paluszek-waflowy-w-mlecznej-czekoladzie-40-g-0000000319.html", "title": "KitKat Chunky Paluszek waflowy w mlecznej czekoladzie 40 g", "brand": "Kitkat", "price": "3.49 PLN", "packaging_details": "0.04kg- 87,25 zł / kg", "description_sections": [{"header": "Opis produktu", "content": "Kiedy jesteś w ruchu i potrzebujesz chwili wytchnienia – nic nie dorówna satysfakcji, jaką daje baton KitKat Chunky Milk . Chrupiący wafelek w środku, otoczony grubą warstwą mlecznej czekolady – czyli wszystko, to, co kochasz w klasycznym batonie KitKat. Poczuj bogactwo smaków i pełnię przyjemności, które sprawią, że każda przerwa stanie się niezapomniana. Ciesz się każdą chwilą z KitKat!Do produktów KitKat wybieramy kakao z certyfikatem Rainforest Alliance. Oznacza to, że nasze ziarna pochodzą z upraw, na których stosuje się zasady zrównoważonego rozwoju. Dzięki temu rolnicy dbają o ochronę środowiska i wspierają lokalne społeczności w poprawie jakości ich życia.KitKat Chunky Milk to:• Wyjątkowa przekąska łącząca chrupiący wafelek, otoczony grubą warstwą mlecznej czekolady• Świetny towarzysz przerwy w pracy, szkole czy na wycieczce• Produkt, który zawiera kakao z certyfikatem Rainforest Alliance• Doskonały smakNutriscore:ESubrand:Chunky"}, {"header": "Składniki i alergeny", "content": "Składniki:cukier,mąkapszenna,odtłuszczonemlekow proszku,tłuszcze roślinne (palmowy, Shea),tłuszcz kakaowy¹,miazga kakaowa¹,syrop glukozowy,preparat serwatkowy w proszku (zmleka),tłuszczmleczny,kakao w proszku o obniżonej zawartości tłuszczu¹,emulgator (lecytyny),substancja spulchniająca (węglany sodu),aromaty naturalne,Mleczna czekolada oprócz tłuszczu kakaowego zawiera tłuszcze roślinne,¹Rainforest Alliance CertifiedAlergeny:Zawiera Mleko, \n\nMoże zawierać Orzechy, \n\nMoże zawierać Orzeszki ziemne, \n\nZawiera PszenicaInne informacje o zawartości produktu:Smaki / Aromaty:Zawiera, \n\nSyrop glukozowy lub glukozowo-fruktozowy:Zawiera"}, {"header": "Wartość odżywcza", "content": "W 100 gWartość energetyczna516 kcalTłuszcz27 gw tym kwasy tłuszczowe nasycone15.1 gWęglowodany60.5 gw tym cukry45.2 gBłonnik2.3 gBiałko6.5 gSól0.18 g"}, {"header": "Pozostałe informacje", "content": "Producent:Nestlé Polska S.A.,\nul. Domaniewska 32,\n02-672 Warszawa\n800 174 902Dystrybutor:Jeronimo Martins Polska S.A.Żniwna 5 62-025 Kostrzyn PLImporter:Jeronimo Martins Polska S.A.Żniwna 5 62-025 Kostrzyn PLNazwa wymagana prawnie:Paluszek waflowy w mlecznej czekoladzie (68,5 %)."}], "images": ["data/images/45955f5e657a78564cb4ccd4efd691a2.jpg"], "absolute_path": "Artykuły spożywcze/Słodycze/Batony/Produkt 29"}
{"name": "Produkt 3", "url": "https://zakupy.biedronka.pl/milka-milka-czekolada-mleczna-90-g-0000008852.html", "title": "Milka Czekolada mleczna 90 g", "brand": "Milka", "price": "6.99 PLN", "packaging_details": "0.09kg- 77,67 zł / kg", "description_sections": [{"header": "Składniki i alergeny", "content": "Składniki:cukier,tłuszcz kakaowy,miazga kakaowa,odtłuszczonemlekow proszku,serwatka w proszku (zmleka),tłuszczmleczny,emulgator (lecytynysojowe),pasta zorzechówlaskowych,aromat,Masa kakaowa min. 33 %Alergeny:Zawiera Orzechy laskowe, \n\nZawiera Mleko, \n\nMoże zawierać Orzechy, \n\nZawiera Soja, \n\nMoże zawierać Pszenica"}, {"header": "Pozostałe informacje", "content": "Nazwa wymagana prawnie:Czekolada mleczna z mleka alpejskiego."}], "images": ["data/images/b95178ffcac6e749916e7a840615b9bb.jpg"], "absolute_path": "Artykuły spożywcze/Słodycze/Czekolady/Produkt 3"}
{"name": "Produkt 4", "url": "https://zakupy.biedronka.pl/kinder-kinder-chocolate-batonik-z-czekolady-8-szt.-100-g-0000000084.html", "title": "Kinder Chocolate Batonik z czekolady (8 szt.) 100 g", "brand": "Kinder", "price": "6.79 PLN", "packaging_details": "0.1kg- 67,90 zł / kg", "description_sections": [{"header": "Opis produktu", "content": "8 batoników pojedynczo pakowanych z mlecznej czekolady z nadzieniem mlecznym."}, {"header": "Składniki i alergeny", "content": "Składniki:czekoladamleczna40% (cukier,mlekopełne w proszku, tłuszcz kakaowy, miazga kakaowa, emulgator: lecytyny (soja); wanilina), cukier,mlekoodtłuszczone w proszku, olej palmowy,masłoodwodnione, emulgator: lecytyny (soja); wanilina. Składnikimleka: 33% - Składniki kakao: 13%."}, {"header": "Pozostałe informacje", "content": "Kraj pochodzenia:NiemcyKraj pochodzenia zależy od konkretnej partii produktu jaka znajduje się w sklepie. Informację o kraju pochodzenia znajdziesz na opakowaniu. Możesz również dodać komentarz z preferowanym typem produktu w koszyku lub wiadomości dla shoppera (np. “prosze o pomidory polskie”).Nazwa wymagana prawnie:Batonik z mlecznej czekolady z nadzieniem mlecznym (60%)."}], "images": ["data/images/92e86395a7576e6ca210d9b7fbce4c1d.jpg"], "absolute_path": "Artykuły spożywcze/Słodycze/Czekolady/Produkt 4"}
{"name": "Produkt 1", "url": "https://zakupy.biedronka.pl/nussbeisser-nussbeisser-czekolada-mleczna-z-calymi-orzechami-laskowymi-100-g-0000004335.html", "title": "Nussbeisser Czekolada mleczna z całymi orzechami laskowymi 100 g", "brand": "Nussbeisser", "price": "8.99 PLN", "packaging_details": "0.1kg- 89,90 zł / kg", "description_sections": [{"header": "Opis produktu", "content": "Subrand:Nussbeisser"}, {"header": "Składniki i alergeny", "content": "Składniki:cukier,orzechylaskowe(23%),miazga kakaowa,tłuszcz kakaowy,odtłuszczonemlekow proszku,serwatka w proszku (zmleka),tłuszcze roślinne (palmowy, shea),tłuszczmleczny,emulgatory (lecytynysojowe, E 476, lecytyny słonecznikowe),aromat,Masa kakaowa w czekoladziemlecznejminimum 25%,Oprócz tłuszczu kakaowego zawiera tłuszcze roślinneAlergeny:Zawiera Orzechy laskowe, \n\nZawiera Mleko, \n\nMoże zawierać Orzechy, \n\nZawiera Soja, \n\nMoże zawierać Pszenica"}, {"header": "Wartość odżywcza", "content": "W 100 gWartość energetyczna560 kcalTłuszcz36 gw tym kwasy tłuszczowe nasycone14 gWęglowodany48 gw tym cukry47 gBłonnik3.9 gBiałko7.8 gSól0.28 g"}, {"header": "Pozostałe informacje", "content": "Producent:Mondelez Polska sp. z o.o.Dystrybutor:Mondelez Polska Sp. z o.o.ul. Domaniewska 49 02-672 WarszawaImporter:Mondelez Polska sp z o.o.Domaniewska 49 02-672 Warszawa PLNazwa wymagana prawnie:Czekolada mleczna z całymi orzechami laskowymi."}], "images": ["data/images/1ab6e8ca5eec7db374f47b9d15f7a187.jpg", "data/images/6f781f06be3d13521aa08ea0a788d33f.jpg"], "absolute_path": "Artykuły spożywcze/Słodycze/Czekolady/Produkt 1"}
{"name": "Produkt 2", "url": "https://zakupy.biedronka.pl/e.-wedel-e.-wedel-czekolada-mocno-gorzka-80-80-g-0000018676.html", "title": "E. Wedel Czekolada mocno gorzka 80 % 80 g", "brand": "E. Wedel", "price": "11.99 PLN", "packaging_details": "0.08kg- 149,88 zł / kg", "description_sections": [{"header": "Opis produktu", "content": "Gdy chcesz sięgnąć po coś słodkiego... wybierasz sprawdzone przyjemności? Z pewnością należą do nich kosteczki czekolady gorzkiej, które cudownie rozpływają się w ustach.Krucha gorzka czekolada to przysmak dla najbardziej wyrafinowanych smakoszy. Zawartość 80% starannie wyselekcjonowanego kakao gwarantuje przyjemność, którą odczuwa się wszystkimi zmysłami. Co cię w niej zachwyci? Głęboki, pełny smak i na długo zapadający w pamięć intensywny aromat.Mocno gorzka to również idealna czekolada do gotowania. Z jej pomocą stworzysz niezwykle przyjemny deser czekoladowy lub bajeczne w smaku brownie.Posmakuj wedlowskiej Czekolady Mocno Gorzkiej!• Niezwykle wyrazista czekolada ciemna• 80% kakao• Idealna do degustacji solo, jak i jako dodatek do potraw i deserów• Tabliczka 80 g"}, {"header": "Składniki i alergeny", "content": "Składniki:miazga kakaowa,kakao o obniżonej zawartości tłuszczu,cukier,tłuszcz kakaowy,aromat,emulgator (lecytynysojowe),Masa kakaowa minimum 80 %Alergeny:Może zawierać Zboża zawierające gluten, \n\nMoże zawierać Jaja, \n\nMoże zawierać Mleko, \n\nMoże zawierać Orzechy, \n\nMoże zawierać Orzeszki ziemne, \n\nZawiera SojaInne informacje o zawartości produktu:Smaki / Aromaty:Zawiera"}, {"header": "Wartość odżywcza", "content": "W 100 gWartość energetyczna558 kcalTłuszcz45 gw tym kwasy tłuszczowe nasycone27 gWęglowodany21 gw tym cukry16 gBłonnik16 gBiałko10 gSól0.02 gWitaminy i składniki mineralnew 100  g% RWS w 100  gMagnez283 mg10%"}, {"header": "Pozostałe informacje", "content": "Producent:LOTTE Wedel sp. z o.o.\nul. Zamoyskiego 28\\30\n03-801 Warszawa\nPolska\nwww.wedel.pl\nwww.czekolada.pl\n\nWarto porozmawiać\nInfolinia konsumencka: 801 811 011\nOpłata według taryfy lokalnejImporter:Lotte Wedel Sp. z o.o.Zamoyskiego 28/30 03-801 Warszawa PLkontakt@wedel.plNazwa wymagana prawnie:Czekolada mocno gorzka."}], "images": ["data/images/32774351c18cfd122b36656fb386d0bd.jpg"], "absolute_path": "Artykuły spożywcze/Słodycze/Czekolady/Produkt 2"}
{"name": "Produkt 6", "url": "https://zakupy.biedronka.pl/e.-wedel-e.-wedel-czekolada-truskawkowa-100-g-0000019103.html", "title": "E. Wedel Czekolada truskawkowa 100 g", "brand": "E. Wedel", "price": "7.99 PLN", "packaging_details": "0.09kg- 88,78 zł / kg", "description_sections": [{"header": "Opis produktu", "content": "Czekolada mleczna z nadzieniem truskawkowym"}, {"header": "Składniki i alergeny", "content": "Składniki:Zawiera 1,3 % soku truskawkowego. Składniki: Czekoladamleczna50% (Cukier, Tłuszcz kakaowy, Mleko pełne w proszku, Miazga kakaowa, Serwatka w proszku (zmleka), Tłuszczmleczny, Emulgatory: lecytynysojowei E476, Aromat), Cukier, Tłuszcz roślinny (palmowy), Zagęszczony przecier jabłkowy, Wsad truskawkowy (Syrop glukozowo – fruktozowy, Cukier, Skrobia modyfikowana, Koncentrat soku truskawkowego, Kwas: kwas cytrynowy, Stabilizator: pektyny, Aromat, Barwnik: karmin), Mleko pełne w proszku, Serwatka w proszku (zmleka), Substancja utrzymująca wilgoć (sorbitole), Spirytus (0,3%), Aromat, Emulgator (lecytynysojowe), Koncentrat czarnego bzu, Regulator kwasowości (kwas cytrynowy). Czekoladamleczna: masa kakaowa minimum 29%, masamlecznaminimum 14%. Może zawierać orzeszkiarachidowe,orzechy, zboża (gluten),jaja.Alergeny:Mleko i produkty pochodne (łącznie z laktozą), \n\nSoja i produkty pochodneInne informacje o zawartości produktu:Zawiera surowce GMO:Nie, \n\nZawiera barwniki:Tak, \n\nZawiera aromaty:Tak"}, {"header": "Wartość odżywcza", "content": "W 100 mlWartość energetyczna kcal499 kcalZawartość tłuszczów (ogólnie)26 gKwasy tłuszczowe nasycone13 gZawartość węglowodanów61 gCukry59 gZawartość błonnika1.6 gZawartość białek4.6 gZawartość soli0.15 g"}, {"header": "Pozostałe informacje", "content": "Kraj pochodzenia:PolskaKraj pochodzenia zależy od konkretnej partii produktu jaka znajduje się w sklepie. Informację o kraju pochodzenia znajdziesz na opakowaniu. Możesz również dodać komentarz z preferowanym typem produktu w koszyku lub wiadomości dla shoppera (np. “prosze o pomidory polskie”).Producent:LOTTE Wedel sp. z o.o.\nul. Zamoyskiego 28\\30\n03-801 Warszawa\nPolska\nwww.wedel.pl\nwww.czekolada.pl\n\nWarto porozmawiać\nInfolinia konsumencka: 801 811 011\nOpłata według taryfy lokalnejDystrybutor:Lotte Wedel Sp. z o.o.Zamoyskiego 28/30 03-801 Warszawakontakt@wedel.plNazwa wymagana prawnie:Czekolada mleczna z nadzieniem (50%) truskawkowym"}], "images": ["data/images/fdd4bdc8299318fd8e61a5bafe766869.jpg"], "absolute_path": "Artykuły spożywcze/Słodycze/Czekolady/Produkt 6"}
{"name": "Produkt 9", "url": "https://zakupy.biedronka.pl/e.-wedel-e.-wedel-czekolada-klasyczna-gorzka-64-90-g-0000018673.html", "title": "E. Wedel Czekolada klasyczna gorzka 64% 90 g", "brand": "E. Wedel", "price": "9.99 PLN", "packaging_details": "0.09kg- 111,00 zł / kg", "description_sections": [{"header": "Opis produktu", "content": "Gorzka, krucha, doskonała... po prostu Czekolada gorzka klasyczna! Dla tych, którzy stawiają na rozsądek i sprawdzone przyjemności. Nigdy nie zawodzi, zawsze uwodzi. Dodaj do tego 64% kakao i masz... 100% pewności, że będzie przepysznie.Każda kosteczka czekolady ciemnej kusi pełnym smakiem i intensywnym aromatem. Nic więc dziwnego, że krucha tabliczka świetnie sprawdzi się solo, jak i w różnego rodzaju słodkich i wytrawnych daniach. Dzięki niej przygotujesz puszyste i lekko wilgotne ciasto czekoladowe lub czekoladę gorzką do picia. W upalne dni może być mrożona, np. z malinami lub truskawkami. A gdy jest deszczowo i chłodno, rozgrzeje cię aromatyczna czekolada na gorąco.Spróbuj wyrafinowanego smaku, któremu nie da się oprzeć!• Czekolada gorzka 64%• Najwyższej jakości kakao• Głęboki pełny smak• Intensywny aromat• Idealna czekolada do gotowania• Tabliczka 90 g"}, {"header": "Składniki i alergeny", "content": "Składniki:miazga kakaowa,cukier,kakao o obniżonej zawartości tłuszczu,tłuszcz kakaowy,emulgatory (lecytynysojowei E 476),aromat,Masa kakaowa minimum 64 %"}, {"header": "Pozostałe informacje", "content": "Nazwa wymagana prawnie:Czekolada gorzka."}], "images": ["data/images/fe89c0c96872ae5f2a288c0e7a3f21cb.jpg"], "absolute_path": "Artykuły spożywcze/Słodycze/Czekolady/Produkt 9"}
{"name": "Produkt 8", "url": "https://zakupy.biedronka.pl/milka-milka-peanut-crispy-caramel-czekolada-mleczna-90g-0000008857.html", "title": "Milka Peanut Crispy Caramel czekolada mleczna 90g", "brand": "Milka", "price": "6.99 PLN", "packaging_details": "0.09kg- 77,67 zł / kg", "description_sections": [{"header": "Opis produktu", "content": "Czekolada mleczna z mleka alpejskiego z orzeszkami ziemnymi (13 %), kawałkami karmelu (3 %) i chrupkami zbożowymi (1,5 %)."}, {"header": "Składniki i alergeny", "content": "Składniki:Składniki: cukier, tłuszcz kakaowy,orzeszki ziemne, odtłuszczonemlekow proszku, miazga kakaowa, serwatka w proszku (zmleka), tłuszczmleczny, mąka ryżowa, emulgatory (lecytyna sojowa, E 476), syrop glukozowy, pasta zorzechówlaskowych, mąka kukurydziana, sól, aromaty, barwniki (beta-karoten, E 150 d), ekstrakt słodujęczmiennego.Alergeny:Mleko i produkty pochodne (łącznie z laktozą), \n\nSoja i produkty pochodne, \n\nZboża zawierajace gluten, \n\nPszenica i produkty z pszenicy, \n\nJęczmień i produkty jęczmienne, \n\nOwies i produkty owsiane, \n\nOrzeszki ziemne (arachidowe) i produkty pochodne, \n\nOrzechy laskowe i produkty z orzechów laskowychInne informacje o zawartości produktu:Zawiera surowce GMO:Nie"}, {"header": "Wartość odżywcza", "content": "W 100 gWartość energetyczna kcal539 kcalZawartość tłuszczów (ogólnie)31 gKwasy tłuszczowe nasycone15 gZawartość węglowodanów54 gCukry51 gZawartość błonnika2.7 gZawartość białek9.1 gZawartość soli0.28 g"}, {"header": "Pozostałe informacje", "content": "Kraj pochodzenia:BułgariaKraj pochodzenia zależy od konkretnej partii produktu jaka znajduje się w sklepie. Informację o kraju pochodzenia znajdziesz na opakowaniu. Możesz również dodać komentarz z preferowanym typem produktu w koszyku lub wiadomości dla shoppera (np. “prosze o pomidory polskie”).Producent:Mondelez Polska sp. z o.o.Importer:Mondelez Polska sp z o.o.Domaniewska 49 02-672 Warszawa PLNazwa wymagana prawnie:Czekolada mleczna z mleka alpejskiego z orzeszkami ziemnymi (13 %), kawałkami karmelu (3 %) i chrupkami zbożowymi (1,5 %)."}], "images": ["data/images/1316fc23304b9ca1d9257d67063d4c3d.jpg"], "absolute_path": "Artykuły spożywcze/Słodycze/Czekolady/Produkt 8"}
{"name": "Produkt 7", "url": "https://zakupy.biedronka.pl/lindt-lindt-excellence-czekolada-ciemna-orange-intense-100-g-0000003260.html", "title": "Lindt Excellence Czekolada ciemna Orange Intense 100 g", "brand": "Lindt", "price": "15.99 PLN", "packaging_details": "0.1kg- 159,90 zł / kg", "description_sections": [{"header": "Opis produktu", "content": "Połączenie gorzkiej czekolady z soczystym smakiem pomarańczy wzbogaconym płatkami migdałów i delikatnym aromatem wanilii."}, {"header": "Składniki i alergeny", "content": "Składniki:cukier, miazga kakaowa,migdały7%, tłuszcz kakaowy, sok pomarańczowy z zagęszczonego soku 3,9%, bezwodny tłuszczmleczny, cukier inwertowany, sok cytrynowy z zagęszczonego soku, emulgator (lecytyny:soja), ananas, substancja żelująca (pektyny), naturalny aromat pomarańczowy. Może zawieraćmleko,orzechylaskoweoraz inneorzechy. Czekolada: masa kakaowa minimum 48%.Alergeny:Mleko i produkty pochodne (łącznie z laktozą), \n\nSoja i produkty pochodne, \n\nMigdały i produkty z migdałamiInne informacje o zawartości produktu:Zawiera surowce GMO:Tak, \n\nZawiera lukrecję:Nie, \n\nZawiera chininę:Nie, \n\nZawiera taurynę:Nie, \n\nZawiera substancje konserwujące:Nie, \n\nZawiera kofeinę:Nie"}, {"header": "Wartość odżywcza", "content": "W 100 gWartość energetyczna kcal534 kcalZawartość tłuszczów (ogólnie)32 gKwasy tłuszczowe nasycone17 gZawartość węglowodanów51 gCukry46 gZawartość białek6.9 gZawartość soli0.08 g"}, {"header": "Pozostałe informacje", "content": "Kraj pochodzenia:SzwajcariaKraj pochodzenia zależy od konkretnej partii produktu jaka znajduje się w sklepie. Informację o kraju pochodzenia znajdziesz na opakowaniu. Możesz również dodać komentarz z preferowanym typem produktu w koszyku lub wiadomości dla shoppera (np. “prosze o pomidory polskie”).Producent:Lindt & Sprungli (Poland) Sp. z o. o.Dystrybutor:Lindt & Sprüngli (Poland) Sp. z o.o.ul. Franciszka Klimczaka 1 02-797 WarszawaImporter:Lindt & SprungliFranciszka Klimczaka 1 02-797 Warszawa PLmgolawska@lindt.comNazwa wymagana prawnie:Szwajcarska gorzka czekolada z sokiem pomarańczowym oraz migdałami"}], "images": ["data/images/16ce1c80c7a42526ded38e19c9c1b7b5.jpg", "data/images/cd78a00f1b6a24bb3536a78eb5e6f9b1.jpg"], "absolute_path": "Artykuły spożywcze/Słodycze/Czekolady/Produkt 7"}
{"name": "Produkt 5", "url": "https://zakupy.biedronka.pl/e.-wedel-e.wedel-ww-czekolada-mleczna-z-wafelkami-orzechowymi-245-g-0000009237.html", "title": "E.Wedel WW Czekolada mleczna z wafelkami orzechowymi 245 g", "brand": "E. Wedel", "price": "19.99 PLN", "packaging_details": "0.245kg- 81,59 zł / kg", "description_sections": [{"header": "Opis produktu", "content": "Pozwalasz sobie na małe codzienne przyjemności? Takie, dzięki którym cieszysz się radosnymi chwilami? Mamy coś dla ciebie - jedyną w swoim rodzaju Czekoladę WW!Czekolada z wafelkami orzechowymi to przepyszne wafelki WW w formie dużej tabliczki czekolady. Oryginalna wedlowska czekolada mleczna oblewa chrupiące wafelki przekładane nadzieniem orzechowym. A dzięki wyjątkowej formie, z łatwością możesz dzielić się z bliskimi tą niesamowitą, rozpływającą się w ustach przyjemnością.Czekolada z wafelkami jest idealnie słodka i niezwykle chrupiąca. Zapewnia niepowtarzalne doznania. Odkryj wafelki WW w formie dużej tabliczki czekolady!• Wedlowska czekolada mleczna• Niepowtarzalny smak wafelków WW• Krucha, chrupiąca tabliczka• Tabliczka 245 gSubrand:WW"}, {"header": "Składniki i alergeny", "content": "Składniki:czekoladamleczna84 % (cukier,mlekopełne w proszku, miazga kakaowa, tłuszcz kakaowy, serwatka w proszku (zmleka), tłuszczmleczny, emulgatory: lecytynysojowei E 476, aromat),mąkapszenna,cukier,tłuszcz roślinny (palmowy),mlekopełne w proszku,serwatka w proszku (zmleka),miazga z orzeszków arachidowych (1 %),kakao o obniżonej zawartości tłuszczu,mąkażytnia,zawiera olej słonecznikowy i/lub olej rzepakowy,jajaw proszku,maltodekstryna,emulgator (lecytynysojowe),substancje spulchniające (wodorowęglan sodu, wodorowęglan amonu, pirosiarczyn sodu),sól,aromat,Czekoladamleczna: masa kakaowa minimum 29 %, masamlecznaminimum 17 %Alergeny:Zawiera Jaja, \n\nZawiera Mleko, \n\nMoże zawierać Orzechy, \n\nZawiera Orzeszki ziemne, \n\nZawiera Żyto, \n\nZawiera Soja, \n\nZawiera PszenicaInne informacje o zawartości produktu:Smaki / Aromaty:Zawiera"}, {"header": "Wartość odżywcza", "content": "W 100 gWartość energetyczna540 kcalTłuszcz29 gw tym kwasy tłuszczowe nasycone15 gWęglowodany61 gw tym cukry56 gBłonnik2.7 gBiałko7.1 gSól0.19 g"}, {"header": "Pozostałe informacje", "content": "Producent:LOTTE Wedel sp. z o.o.\nul. Zamoyskiego 28\\30\n03-801 Warszawa\nPolska,\nwww.wedel.pl\nInfolinia konsumencka: 801 811 011\nOpłata według taryfy lokalnej.Importer:Lotte Wedel Sp. z o.o.Zamoyskiego 28/30 03-801 Warszawa PLkontakt@wedel.plNazwa wymagana prawnie:Czekolada mleczna z wafelkami orzechowymi arachidowymi (16 %)."}], "images": ["data/images/82fba91618f6e668973755d7fe48270b.jpg", "data/images/1402a8b9fb70f499441c2ed3855dd1b5.jpg"], "absolute_path": "Artykuły spożywcze/Słodycze/Czekolady/Produkt 5"}
{"name": "Produkt 10", "url": "https://zakupy.biedronka.pl/milka-milka-czekolada-hazelnuts-toffee-300-g-0000007721.html", "title": "Milka Czekolada Hazelnuts Toffee 300 g", "brand": "Milka", "price": "19.99 PLN", "packaging_details": "0.3kg- 66,63 zł / kg", "description_sections": [{"header": "Opis produktu", "content": "Czekolada mleczna z mleka alpejskiego z nadzieniem mlecznym o smaku karmelowym (32%), z nadzieniem karmelowym (10%) i całymi orzechami laskowymi (8%)."}, {"header": "Składniki i alergeny", "content": "Składniki:Składniki: cukier, olej palmowy, tłuszcz kakaowy, odtłuszczonemlekow proszku,orzechylaskowe, serwatka w proszku (zmleka), miazga kakaowa, syrop glukozowy, tłuszczmleczny,mlekosłodzone zagęszczone odtłuszczone, substancja utrzymująca wilgoć (glicerol), emulgator (lecytyna sojowa), syrop cukru inwertowanego, skarmelizowany cukier, aromaty, sól. Nadzieniemlecznezawiera 7,5 % odtłuszczonegomlekaw proszku.Alergeny:Mleko i produkty pochodne (łącznie z laktozą), \n\nSoja i produkty pochodne, \n\nZboża zawierajace gluten, \n\nOrzechy laskowe i produkty z orzechów laskowychInne informacje o zawartości produktu:Zawiera surowce GMO:Nie"}, {"header": "Wartość odżywcza", "content": "W 100 gWartość energetyczna kcal553 kcalZawartość tłuszczów (ogólnie)35 gKwasy tłuszczowe nasycone17 gZawartość węglowodanów52 gCukry51 gZawartość błonnika1.8 gZawartość białek5.9 gZawartość soli0.39 g"}, {"header": "Pozostałe informacje", "content": "Kraj pochodzenia:AustriaKraj pochodzenia zależy od konkretnej partii produktu jaka znajduje się w sklepie. Informację o kraju pochodzenia znajdziesz na opakowaniu. Możesz również dodać komentarz z preferowanym typem produktu w koszyku lub wiadomości dla shoppera (np. “prosze o pomidory polskie”).Dystrybutor:Mondelez Polska sp z o.o.Domaniewska 49 02-672 WarszawaNazwa wymagana prawnie:Czekolada mleczna z mleka alpejskiego z nadzieniem mlecznym o smaku karmelowym (32%), z nadzieniem karmelowym (10%) i całymi orzechami laskowymi (8%)."}], "images": ["data/images/480768a7499a989ad3ca716d47526a4f.jpg"], "absolute_path": "Artykuły spożywcze/Słodycze/Czekolady/Produkt 10"}
{"name": "Produkt 14", "url": "https://zakupy.biedronka.pl/e.-wedel-e.-wedel-czekolada-klasyczna-mleczna-90-g-0000019102.html", "title": "E. Wedel Czekolada klasyczna mleczna 90 g", "brand": "E. Wedel", "price": "7.99 PLN", "packaging_details": "0.09kg- 88,78 zł / kg", "description_sections": [{"header": "Opis produktu", "content": "Smak wedlowskiej klasycznej czekolady mlecznej towarzyszy Polakom od lat. Niezmiennie aksamitny i wyraźnie kakaowy, z charakterystycznym długim czekoladowym posmakiem. Oryginalna wedlowska czekolada mleczna swoją niepowtarzalność zawdzięcza doskonalonym od pokoleń recepturom i szlachetnym ziarnom kakao sprowadzanym z Ghany."}, {"header": "Składniki i alergeny", "content": "Składniki:Cukier, Tłuszcz kakaowy, Mleko pełne w proszku, Miazga kakaowa, Serwatka w proszku (zmleka), Laktoza i białkamleka, Miazga zorzechówlaskowych, Tłuszczmleczny, Emulgator (lecytynysojowe), Aromat. Masa kakaowa minimum 30%, masamlecznaminimum 15%. Produkt może zawierać orzeszkiarachidowe, inneorzechy, zboża (gluten),jajaAlergeny:Mleko i produkty pochodne (łącznie z laktozą), \n\nSoja i produkty pochodneInne informacje o zawartości produktu:Zawiera surowce GMO:Nie"}, {"header": "Wartość odżywcza", "content": "W 100 gWartość energetyczna kcal530 kcalZawartość tłuszczów (ogólnie)30 gKwasy tłuszczowe nasycone19 gZawartość węglowodanów58 gCukry57 gZawartość błonnika2.5 gZawartość białek6 gZawartość soli0.25 g"}, {"header": "Pozostałe informacje", "content": "Kraj pochodzenia:PolskaKraj pochodzenia zależy od konkretnej partii produktu jaka znajduje się w sklepie. Informację o kraju pochodzenia znajdziesz na opakowaniu. Możesz również dodać komentarz z preferowanym typem produktu w koszyku lub wiadomości dla shoppera (np. “prosze o pomidory polskie”).Producent:LOTTE Wedel sp. z o.o.\nul. Zamoyskiego 28\\30\n03-801 Warszawa\nPolska\nwww.wedel.pl\n\nInfolinia konsumencka: 801 811 011\nOpłata według taryfy lokalnejImporter:Lotte Wedel Sp. z o.o.Zamoyskiego 28/30 03-801 Warszawa PLkontakt@wedel.plNazwa wymagana prawnie:Czekolada mleczna"}], "images": ["data/images/f854d227c954000dfc4ff560f40356da.jpg"], "absolute_path": "Artykuły spożywcze/Słodycze/Czekolady/Produkt 14"}
{"name": "Produkt 12", "url": "https://zakupy.biedronka.pl/milka-milka-czekolada-mleczna-z-nadzieniem-toffi-100-g-0000011198.html", "title": "Milka Czekolada mleczna z nadzieniem toffi 100 g", "brand": "Milka", "price": "6.99 PLN", "packaging_details": "0.1kg- 75,98 zł / kg", "description_sections": [{"header": "Składniki i alergeny", "content": "Składniki:cukier,olej palmowy,tłuszcz kakaowy,odtłuszczonemlekow proszku,syrop glukozowy,miazga kakaowa,serwatka w proszku (zmleka),tłuszczmleczny,syrop glukozowo-fruktozowy,emulgatory (lecytynysojowe, E471),pasta zorzechówlaskowych,aromaty,sól,Nadzieniemlecznezawiera 7 % odtłuszczonegomlekaw proszkuAlergeny:Zawiera Orzechy laskowe, \n\nZawiera Mleko, \n\nMoże zawierać Orzechy, \n\nZawiera Soja, \n\nMoże zawierać Pszenica"}, {"header": "Wartość odżywcza", "content": "W 100 gWartość energetyczna545 kcalTłuszcz33 gw tym kwasy tłuszczowe nasycone19 gWęglowodany56 gw tym cukry51 gBłonnik1.2 gBiałko4.3 gSól0.26 g"}, {"header": "Pozostałe informacje", "content": "Dystrybutor:Mondelez Polska sp. z o.o.ul. Domaniewska 49 02-672  WarszawaNazwa wymagana prawnie:Czekolada mleczna z mleka alpejskiego z nadzieniem mlecznym o smaku toffi (35 %) i nadzieniem toffi (15 %)."}], "images": ["data/images/0e803fce79aa1e160e9c3955c1e48c5f.jpg"], "absolute_path": "Artykuły spożywcze/Słodycze/Czekolady/Produkt 12"}
{"name": "Produkt 11", "url": "https://zakupy.biedronka.pl/maltesers-maltesers-czekoladki-z-lekkim-chrupiacym-srodkiem-102-g--0000007064.html", "title": "Maltesers Czekoladki z lekkim chrupiącym środkiem 102 g", "brand": "Maltesers", "price": "9.99 PLN", "packaging_details": "0.102kg- 97,94 zł / kg", "description_sections": [{"header": "Opis produktu", "content": "Czekoladki z lekkim chrupiącym środkiem"}, {"header": "Składniki i alergeny", "content": "Składniki:cukier,odtłuszczonemlekow proszku,tłuszcz kakaowy,syrop glukozowy,jęczmiennyekstrakt słodowy,miazga kakaowa,tłuszcz palmowy,permeat serwatki (mleko),tłuszczmleczny,tłuszcz z nasion palmowych,emulgatory (lecytyna sojowa, E492),mąkapszenna,substancje spulchniające (E341, E500, E501),glutenpszenny,słodka serwatka w proszku (mleko),sól,substancja glazurująca (pektyny),Czekoladamlecznaoprócz tłuszczu kakaowego zawiera tłuszcze roślinneAlergeny:Zawiera Jęczmień, \n\nZawiera Mleko, \n\nZawiera Soja, \n\nZawiera PszenicaInne informacje o zawartości produktu:Syrop glukozowy lub glukozowo-fruktozowy:Zawiera"}, {"header": "Wartość odżywcza", "content": "W 100 gWartość energetyczna503 kcalTłuszcz25 gw tym kwasy tłuszczowe nasycone15 gWęglowodany61 gw tym cukry53 gBiałko8.5 gSól0.42 g"}, {"header": "Pozostałe informacje", "content": "Producent:Mars Polska sp. z o.o.,\nKożuszki Parcel 42\n96-500 Sochaczew\n0 801 10 63 63Importer:Mars Polska Sp. z o.o.Kożuszki Parcel 42 96-500 Sochaczew PLwaw.reception@effem.comNazwa wymagana prawnie:Czekolada mleczna (73 %) z kawałkami o strukturze plastra miodu (23 %)."}], "images": ["data/images/4aa04e5b91710ec7f33c6f604c8d8c20.jpg", "data/images/266ac1c0d0caf45373bb8ec7d2399bbd.jpg"], "absolute_path": "Artykuły spożywcze/Słodycze/Czekolady/Produkt 11"}
{"name": "Produkt 13", "url": "https://zakupy.biedronka.pl/nussbeisser-nussbeisser-czekolada-mleczna-z-calymi-migdalami-100-g-0000004336.html", "title": "Nussbeisser Czekolada mleczna z całymi migdałami 100 g", "brand": "Nussbeisser", "price": "8.99 PLN", "packaging_details": "0.1kg- 89,90 zł / kg", "description_sections": [{"header": "Opis produktu", "content": "Czekolada mleczna z całymi migdałami."}, {"header": "Składniki i alergeny", "content": "Składniki:Składniki: cukier,migdały(21 %), miazga kakaowa, tłuszcz kakaowy, odtłuszczonemlekow proszku, serwatka w proszku (zmleka), tłuszcze roślinne (palmowy, shea), tłuszczmleczny, emulgatory (lecytynysojowe, E 476), aromat. Masa kakaowa w czekoladziemlecznejminimum 25 %. Oprócz tłuszczu kakaowego zawiera tłuszcze roślinne.Alergeny:Mleko i produkty pochodne (łącznie z laktozą), \n\nSoja i produkty pochodne, \n\nMigdały i produkty z migdałamiInne informacje o zawartości produktu:Zawiera surowce GMO:Nie, \n\nDodatki zawarte w produkcie (E-symbole):E476 Polirycynooleinian, \n\nFunkcje dodatków obecnych w produkcie (zadeklarowanych jako dodatki lub numery E):Emulgator"}, {"header": "Wartość odżywcza", "content": "W 100 gWartość energetyczna kcal547 kcalZawartość tłuszczów (ogólnie)33 gKwasy tłuszczowe nasycone14 gZawartość węglowodanów50 gCukry48 gZawartość błonnika4.3 gZawartość białek9.1 gZawartość soli0.29 g"}, {"header": "Pozostałe informacje", "content": "Kraj pochodzenia:PolskaKraj pochodzenia zależy od konkretnej partii produktu jaka znajduje się w sklepie. Informację o kraju pochodzenia znajdziesz na opakowaniu. Możesz również dodać komentarz z preferowanym typem produktu w koszyku lub wiadomości dla shoppera (np. “prosze o pomidory polskie”).Producent:Mondelez Polska sp. z o.o.Dystrybutor:Mondelez Polska Sp. z o.o.ul. Domaniewska 49 02-672 Warszawa Infolinia 801 066 006Importer:Mondelez Polska sp z o.o.Domaniewska 49 02-672 Warszawa PLNazwa wymagana prawnie:Czekolada mleczna z całymi migdałami."}], "images": ["data/images/091eba8441991459e6318aeeaa3d5b72.jpg"], "absolute_path": "Artykuły spożywcze/Słodycze/Czekolady/Produkt 13"}
{"name": "Produkt 19", "url": "https://zakupy.biedronka.pl/kinder-kinder-surprise-figurka-pokryta-mleczna-czekolada-z-niespodzianka-75-g-0000005899.html", "title": "Kinder Surprise figurka pokryta mleczną czekoladą z niespodzianką 75 g", "brand": "Kinder", "price": "13.99 PLN", "packaging_details": "0.075kg- 186,53 zł / kg", "description_sections": [{"header": "Składniki i alergeny", "content": "Składniki:czekolada mleczna 47 % (cukier, mleko pełne w proszku, tłuszcz kakaowy, miazga kakaowa, emulgator: lecytyny (soja); wanilina),mleko odtłuszczone w proszku (17 %),cukier,tłuszcze roślinne (palmowy, shea),masło odwonione,emulgator: lecytyny (soja),wanilina,Składniki mleka: 32 % - Składniki kakao: 15 %Alergeny:Zawiera Mleko, \n\nZawiera Soja"}, {"header": "Wartość odżywcza", "content": "W 100 gWartość energetyczna552 kcalTłuszcz34.2 gw tym kwasy tłuszczowe nasycone22.6 gWęglowodany52.3 gw tym cukry52.1 gBiałko8.1 gSól0.32 g"}, {"header": "Pozostałe informacje", "content": "Kraj pochodzenia:PolandKraj pochodzenia zależy od konkretnej partii produktu jaka znajduje się w sklepie. Informację o kraju pochodzenia znajdziesz na opakowaniu. Możesz również dodać komentarz z preferowanym typem produktu w koszyku lub wiadomości dla shoppera (np. “prosze o pomidory polskie”).Producent:Ferrero Polska Commercial Sp. z o.o.,\nul. Wiertnicza 126,\n02-952 Warszawa\nInfolinia Ferrero w Polsce\n801 550 550\nOpłata według stawek operatora\nwww.ferrero.pl\nserwis.konsumencki@ferrero.comDystrybutor:Jeronimo Martins Polska S.A.Żniwna 5 62-025 Kostrzyn PLImporter:Jeronimo Martins Polska S.A.Żniwna 5 62-025 Kostrzyn PLNazwa wymagana prawnie:Pusta figurka pokryta mleczną czekoladą z warstwą białego mlecznego nadzienia (53 %) wewnątrz, z niespodzianką."}], "images": ["data/images/6333d8144b69baeeaf826820067cdacc.jpg"], "absolute_path": "Artykuły spożywcze/Słodycze/Czekolady/Produkt 19"}
{"name": "Produkt 16", "url": "https://zakupy.biedronka.pl/kinder-kinder-chocolate-batonik-z-czekolady-4-szt.-50-g-0000004966.html", "title": "Kinder Chocolate Batonik z czekolady 4 szt. 50 g", "brand": "Kinder", "price": "3.99 PLN", "packaging_details": "0.05kg- 79,80 zł / kg", "description_sections": [{"header": "Opis produktu", "content": "4 batoniki pojedynczo pakowane z mlecznej czekolady z nadzieniem mlecznym (60%)"}, {"header": "Składniki i alergeny", "content": "Składniki:czekolada MLECZNA 40% (cukier, MLEKO pełne w proszku, tłuszcz kakaowy, miazga kakaowa, emulgator: lecytyny (SOJA); wanilina), cukier, MLEKO odtłuszczone w proszku (18%), olej palmowy, MASŁO odwodnione, emulgator: lecytyny (SOJA); wanilina. Składnikimleka: 33% - Składniki kakao: 13%.Alergeny:Mleko i produkty pochodne (łącznie z laktozą), \n\nSoja i produkty pochodne"}, {"header": "Wartość odżywcza", "content": "W 100 gWartość energetyczna kcal566 kcalZawartość tłuszczów (ogólnie)35 gKwasy tłuszczowe nasycone22.6 gZawartość węglowodanów53.5 gCukry53.3 gZawartość białek8.7 gZawartość soli0.31 g"}, {"header": "Pozostałe informacje", "content": "Kraj pochodzenia:NiemcyKraj pochodzenia zależy od konkretnej partii produktu jaka znajduje się w sklepie. Informację o kraju pochodzenia znajdziesz na opakowaniu. Możesz również dodać komentarz z preferowanym typem produktu w koszyku lub wiadomości dla shoppera (np. “prosze o pomidory polskie”).Nazwa wymagana prawnie:Batonik z mlecznej czekolady z nadzieniem mlecznym (60%) Kinder Chocolate 50g"}], "images": ["data/images/348012859d8ee6f7aedcd95d1d4b7268.jpg"], "absolute_path": "Artykuły spożywcze/Słodycze/Czekolady/Produkt 16"}
{"name": "Produkt 18", "url": "https://zakupy.biedronka.pl/milka-milka-sweet-winter-czekolada-mleczna-z-biala-czekolada-100-g-0000020026.html", "title": "Milka Sweet Winter Czekolada mleczna z białą czekoladą 100 g", "brand": "Milka", "price": "7.99 PLN", "packaging_details": "0.09kg- 79,90 zł / kg", "description_sections": [{"header": "Składniki i alergeny", "content": "Składniki:cukier, tłuszcz kakaowy, odtłuszczone MLEKO w proszku, miazga kakaowa, serwatka w proszku (z MLEKA), tłuszcz MLECZNY, emulgator (lecytyny SOJOWE), pasta z ORZECHÓW LASKOWYCH, aromatyAlergeny:Może zawierać Orzechy brazylijskie, \n\nMoże zawierać Orzechy nerkowca, \n\nMoże zawierać Zboża zawierające gluten, \n\nZawiera Orzechy laskowe, \n\nMoże zawierać Orzechy makadamia / Orzechy Queensland, \n\nZawiera Mleko, \n\nMoże zawierać Orzeszki pekan, \n\nMoże zawierać Pistacje/orzechy pistacjowe, \n\nZawiera Soja, \n\nMoże zawierać Orzechy włoskie, \n\nMoże zawierać Pszenica"}, {"header": "Wartość odżywcza", "content": "W 100 gWartość energetyczna538 kcalTłuszcz31 gw tym kwasy tłuszczowe nasycone19 gWęglowodany58 gw tym cukry56 gBłonnik2 gBiałko6.2 gSól0.27 g"}, {"header": "Pozostałe informacje", "content": "Kraj pochodzenia:NiemcyKraj pochodzenia zależy od konkretnej partii produktu jaka znajduje się w sklepie. Informację o kraju pochodzenia znajdziesz na opakowaniu. Możesz również dodać komentarz z preferowanym typem produktu w koszyku lub wiadomości dla shoppera (np. “prosze o pomidory polskie”).Producent:Mondelez Polska S.A. ul. Domaniewska 49, 02-672 WarszawaDystrybutor:Jeronimo Martins Polska S.A.Żniwna 5 62-025 Kostrzyn PLImporter:Jeronimo Martins Polska S.A.Żniwna 5 62-025 Kostrzyn PLNazwa wymagana prawnie:Czekolada Mleczna Z Mleka Alpejskiego (88 %) Z Białą Czekoladą (12 %)."}], "images": ["data/images/b5ae7b9109ad7573fd116212cdeec463.jpg"], "absolute_path": "Artykuły spożywcze/Słodycze/Czekolady/Produkt 18"}
{"name": "Produkt 15", "url": "https://zakupy.biedronka.pl/milka-milka-oreo-sandwich-ciastka-kakaowe-z-nadzieniem-waniliowym-92-g-0000008860.html", "title": "Milka Oreo Sandwich ciastka kakaowe z nadzieniem waniliowym 92 g", "brand": "Milka", "price": "6.99 PLN", "packaging_details": "0.092kg- 75,98 zł / kg", "description_sections": [{"header": "Opis produktu", "content": "Ciastka kakaowe (26 %) i nadzienie mleczne o smaku waniliowym (9,5 %) na czekoladzie mlecznej z mleka alpejskiego."}, {"header": "Składniki i alergeny", "content": "Składniki:Składniki: cukier, mąkapszenna, tłuszcz kakaowy, odtłuszczonemlekow proszku, olej palmowy, miazga kakaowa, serwatka w proszku (zmleka), tłuszczmleczny, kakao w proszku o obniżonej zawartości tłuszczu (1,5 %), syrop glukozowo-fruktozowy, skrobiapszenna, emulgatory (lecytyna sojowa, lecytyna słonecznikowa), substancje spluchniające (węglany potasu, węglany amonu, węglany sodu), sól, aromaty. Nadzieniemlecznezawiera 7 % odtłuszczonegomlekaw proszku.Alergeny:Mleko i produkty pochodne (łącznie z laktozą), \n\nSoja i produkty pochodne, \n\nZboża zawierajace gluten, \n\nPszenica i produkty z pszenicyInne informacje o zawartości produktu:Zawiera surowce GMO:Nie"}, {"header": "Wartość odżywcza", "content": "W 100 gWartość energetyczna kcal518 kcalZawartość tłuszczów (ogólnie)27 gKwasy tłuszczowe nasycone16 gZawartość węglowodanów61 gCukry50 gZawartość błonnika2.1 gZawartość białek5.7 gZawartość soli0.51 g"}, {"header": "Pozostałe informacje", "content": "Kraj pochodzenia:WęgryKraj pochodzenia zależy od konkretnej partii produktu jaka znajduje się w sklepie. Informację o kraju pochodzenia znajdziesz na opakowaniu. Możesz również dodać komentarz z preferowanym typem produktu w koszyku lub wiadomości dla shoppera (np. “prosze o pomidory polskie”).Producent:Mondelez Polska sp. z o.o.Dystrybutor:Mondelez Polska sp z o.o.Domaniewska 49 02-672 WarszawaImporter:Mondelez Polska sp z o.o.Domaniewska 49 02-672 Warszawa PLNazwa wymagana prawnie:Ciastka kakaowe (26 %) i nadzienie mleczne o smaku waniliowym (9,5 %) na czekoladzie mlecznej z mleka alpejskiego."}], "images": ["data/images/bfe7994c2dc43da6a55f9e37c31577f4.jpg"], "absolute_path": "Artykuły spożywcze/Słodycze/Czekolady/Produkt 15"}
{"name": "Produkt 17", "url": "https://zakupy.biedronka.pl/milka-milka-mmmax-czekolada-mleczna-z-calymi-orzechami-laskowymi-270-g-0000010014.html", "title": "Milka Mmmax Czekolada mleczna z całymi orzechami laskowymi 270 g", "brand": "Milka", "price": "19.99 PLN", "packaging_details": "0.25kg- 79,96 zł / kg", "description_sections": [{"header": "Opis produktu", "content": "Czekolada mleczna z mleka alpejskiego z całymi orzechami laskowymi."}, {"header": "Składniki i alergeny", "content": "Składniki:Składniki: cukier,orzechylaskowe(17 %), tłuszcz kakaowy, odtłuszczonemlekow proszku, miazga kakaowa, serwatka w proszku (mleko), tłuszczmleczny, emulgator (lecytyna sojowa), pasta zorzechówlaskowych, naturalny aromat. Masa kakaowa w czekoladziemlecznejzmlekaalpejskiego minimum 30 %.Alergeny:Mleko i produkty pochodne (łącznie z laktozą), \n\nSoja i produkty pochodne, \n\nOrzechy laskowe i produkty z orzechów laskowych"}, {"header": "Pozostałe informacje", "content": "Kraj pochodzenia:AustriaKraj pochodzenia zależy od konkretnej partii produktu jaka znajduje się w sklepie. Informację o kraju pochodzenia znajdziesz na opakowaniu. Możesz również dodać komentarz z preferowanym typem produktu w koszyku lub wiadomości dla shoppera (np. “prosze o pomidory polskie”).Nazwa wymagana prawnie:Czekolada mleczna z mleka alpejskiego z całymi orzechami laskowymi."}], "images": ["data/images/e7eb0dddc0dacab463377b372f096618.jpg"], "absolute_path": "Artykuły spożywcze/Słodycze/Czekolady/Produkt 17"}
{"name": "Produkt 1", "url": "https://zakupy.biedronka.pl/toffifee-toffifee-orzech-laskowy-w-karmelu-kremie-orzechowym-i-czekoladzie-24-szt.-200-g-0000001522.html", "title": "Toffifee Orzech laskowy w karmelu kremie orzechowym i czekoladzie 24 szt. 200 g", "brand": "Toffifee", "price": "15.99 PLN", "packaging_details": "0.2kg- 63,95 zł / kg", "description_sections": [{"header": "Opis produktu", "content": "Tyle dobrego zawarte jest w Toffifee: chrupiące orzechy laskowe w karmelu z kremem orzechowym i małym dodatkiem smacznej czekolady - kombinacja, w której każdy znajdzie coś dla siebie!"}, {"header": "Składniki i alergeny", "content": "Składniki:cukier,tłuszcze roślinne (palmowy, shea),orzechylaskowe,syrop glukozowy,odtłuszczonemlekow proszku,substancja utrzymująca wilgoć: sorbitole,miazga kakaowa,mlekozagęszczone odtłuszczone,zagęszczona słodka serwatka (zmleka),laktoza(zmleka),kakao niskotłuszczowe,tłuszcz kakaowy,tłuszczmleczny,syrop sacharozowy,produkt z serwatki (zmleka),emulgator: lecytyny (soja),sól,aromaty"}, {"header": "Pozostałe informacje", "content": "Nazwa wymagana prawnie:Orzech laskowy (10 %) w karmelu (41 %), kremie orzechowym (37 %) i czekoladzie (12 %)."}], "images": ["data/images/0ad530ace2ef237645dea70be5b3accc.jpg"], "absolute_path": "Artykuły spożywcze/Słodycze/Bombonierki/Produkt 1"}
{"name": "Produkt 22", "url": "https://zakupy.biedronka.pl/milka-milka-oreo-300-g-0000012627.html", "title": "Milka Oreo 300 g", "brand": "Milka", "price": "19.99 PLN", "packaging_details": "0.3kg- 72,43 zł / kg", "description_sections": [{"header": "Opis produktu", "content": "Herbatniki kakaowe (16%) i mleczne nadzienie o smaku waniliowym (38%) w czekoladzie mlecznej z mleka alpejskiego."}, {"header": "Składniki i alergeny", "content": "Składniki:Składniki: cukier, olej palmowy, mąkapszenna, odtłuszczonemlekow proszku, serwatka w proszku (zmleka), tłuszcz kakaowy, miazga kakaowa, tłuszczmleczny, kakao w proszku o obniżonej zawartości tłuszczu (1 %), skrobiapszenna, syrop glukozowy, emulgator (lecytynysojowe), pasta zorzechówlaskowych, substancje spulchniające (E 501, E500, E503), sól, aromaty, regulator kwasowości (E 524). Nadzieniemlecznezawiera 7 % odtłuszczonegomlekaw proszku.Alergeny:Mleko i produkty pochodne (łącznie z laktozą), \n\nSoja i produkty pochodne, \n\nZboża zawierajace gluten, \n\nPszenica i produkty z pszenicy, \n\nOrzechy laskowe i produkty z orzechów laskowychInne informacje o zawartości produktu:Zawiera surowce GMO:Nie, \n\nDodatki zawarte w produkcie (E-symbole):E501 Węglany potasu, E500 Węglany sodu, E503 Węglany amonu, E524 Wodorotlenek sodu, \n\nFunkcje dodatków obecnych w produkcie (zadeklarowanych jako dodatki lub numery E):Substancja spulchniająca, Regulator kwasowości"}, {"header": "Wartość odżywcza", "content": "W 100 gWartość energetyczna kcal553 kcalZawartość tłuszczów (ogólnie)34 gKwasy tłuszczowe nasycone19 gZawartość węglowodanów56 gCukry48 gZawartość błonnika1.4 gZawartość białek5.2 gZawartość soli0.44 g"}, {"header": "Pozostałe informacje", "content": "Kraj pochodzenia:AustriaKraj pochodzenia zależy od konkretnej partii produktu jaka znajduje się w sklepie. Informację o kraju pochodzenia znajdziesz na opakowaniu. Możesz również dodać komentarz z preferowanym typem produktu w koszyku lub wiadomości dla shoppera (np. “prosze o pomidory polskie”).Dystrybutor:Mondelez Polska sp z o.o.Domaniewska 49 02-672 WarszawaNazwa wymagana prawnie:Herbatniki kakaowe (16%) i mleczne nadzienie o smaku waniliowym (38%) w czekoladzie mlecznej z mleka alpejskiego."}], "images": ["data/images/b104463e864569c3222afe00bb1e29a1.jpg"], "absolute_path": "Artykuły spożywcze/Słodycze/Czekolady/Produkt 22"}
{"name": "Produkt 21", "url": "https://zakupy.biedronka.pl/kinder-niespodzianka-kinder-niespodzianka-20-g-0000000070.html", "title": "Kinder Niespodzianka 20 g", "brand": "Kinder Niespodzianka", "price": "5.49 PLN", "packaging_details": "0.02kg- 274,50 zł / kg", "description_sections": [{"header": "Opis produktu", "content": "pusta figurka z mlecznej czekolady z warstwą białego mlecznego nadzienia (53%), z niespodzianką."}, {"header": "Składniki i alergeny", "content": "Składniki:Czekolada MLECZNA 47% (cukier, MLEKO pełne w proszku, tłuszcz kakaowy, miazga kakaowa, emulgator: lecytyny (SOJA); wanilina), MLEKO odtłuszczone w proszku (17%), cukier, tłuszcze roślinne (palmowy, shea), MASŁO odwodnione, emulgator: lecytyny (SOJA); wanilina.Składnikimleka: 32% - Składniki kakao: 15%.Alergeny:Mleko i produkty pochodne (łącznie z laktozą), \n\nSoja i produkty pochodneInne informacje o zawartości produktu:Informacje szczegółowe dotyczące środków słodzących:zawiera cukier (cukry) i substancję słodzącą, \n\nZawiera surowce GMO:Nie, \n\nZawiera lukrecję:Nie, \n\nZawiera chininę:Nie, \n\nZawiera taurynę:Nie, \n\nZawiera przeciwutleniacze:Nie, \n\nZawiera wzmacniacze smaku:Nie, \n\nZawiera fosforany:Nie, \n\nZawiera siarczyny:Nie, \n\nZawiera barwniki:Nie, \n\nZawiera aromaty:Nie, \n\nZawiera antybiotyki:Nie, \n\nZawiera substancje konserwujące:Nie, \n\nZawiera tłuszcze utwardzone (trans):Nie, \n\nZawiera olej palmowy:Tak"}, {"header": "Wartość odżywcza", "content": "W 100 gWartość energetyczna kcal561 kcalZawartość tłuszczów (ogólnie)34.9 gKwasy tłuszczowe nasycone22.9 gZawartość węglowodanów52.6 gCukry52.3 gZawartość białek8.4 gZawartość soli0.32 g"}, {"header": "Pozostałe informacje", "content": "Kraj pochodzenia:PolskaKraj pochodzenia zależy od konkretnej partii produktu jaka znajduje się w sklepie. Informację o kraju pochodzenia znajdziesz na opakowaniu. Możesz również dodać komentarz z preferowanym typem produktu w koszyku lub wiadomości dla shoppera (np. “prosze o pomidory polskie”).Producent:Ferrero Polska Commercial Sp. z o.o.Wiertnicza 126 02-952 Warszawa PLserwis.konsumencki@ferrero.comDystrybutor:Jeronimo Martins Polska S.A.Żniwna 5 62-025 Kostrzyn PLImporter:Ferrero Polska Commercial Sp. z o.o.Wiertnicza 126 02-952 Warszawa PLserwis.konsumencki@ferrero.comNazwa wymagana prawnie:Pusta figurka z mlecznej czekolady z warstwą białego mlecznego nadzienia (53%), z niespodzianką."}], "images": ["data/images/72e2f975eb6af81948b5425fa676b53d.jpg"], "absolute_path": "Artykuły spożywcze/Słodycze/Czekolady/Produkt 21"}
{"name": "Produkt 20", "url": "https://zakupy.biedronka.pl/kinder-kinder-figurka-pokryta-mleczna-czekolada-z-warstwa-bialego-mlecznego-nadzienia-53-g-0000012060.html", "title": "Kinder Figurka pokryta mleczną czekoladą z warstwą białego mlecznego nadzienia 53 g", "brand": "Kinder", "price": "12.99 PLN", "packaging_details": "0.053kg- 245,09 zł / kg", "description_sections": [{"header": "Opis produktu", "content": "Pusta figurka pokryta mleczną czekoladą z warstwą białego mlecznego nadzienia (55%) wewnątrz, z niespodzianką."}, {"header": "Składniki i alergeny", "content": "Składniki:Czekolada MLECZNA 45% (cukier, MLEKO pełne w proszku, tłuszcz kakaowy, miazga kakaowa, emulgator: lecytyny (SOJA), wanilina), MLEKO odtłuszczone w proszku (17,5%), cukier, tłuszcze roślinne (palmowy, shea), MASŁO odwodnione, emulgator: lecytyny (SOJA), wanilina. Składnikimleka: 32%. Składniki kakao: 14,5%."}, {"header": "Pozostałe informacje", "content": "Kraj pochodzenia:PolskaKraj pochodzenia zależy od konkretnej partii produktu jaka znajduje się w sklepie. Informację o kraju pochodzenia znajdziesz na opakowaniu. Możesz również dodać komentarz z preferowanym typem produktu w koszyku lub wiadomości dla shoppera (np. “prosze o pomidory polskie”).Nazwa wymagana prawnie:Pusta figurka pokryta mleczną czekoladą z warstwą białego mlecznego nadzienia (55%) wewnątrz, z niespodzianką."}], "images": ["data/images/5dc472284bdb0f0a1cf1c65e3c996633.jpg", "data/images/644d0b86fbbdd3c3b788f2f98b5ce214.jpg"], "absolute_path": "Artykuły spożywcze/Słodycze/Czekolady/Produkt 20"}
{"name": "Produkt 23", "url": "https://zakupy.biedronka.pl/kinder-kinder-figurka-pokryta-mleczna-czekolada-z-warstwa-bialego-mlecznego-nadzienia-35-g-0000020073.html", "title": "Kinder Figurka pokryta mleczną czekoladą z warstwą białego mlecznego nadzienia 35 g", "brand": "Kinder", "price": "5.99 PLN", "packaging_details": "0.035kg- 171,14 zł / kg", "description_sections": [{"header": "Składniki i alergeny", "content": "Składniki:czekoladamleczna45 % (cukier,mlekopełne w proszku, tłuszcz kakaowy, miazga kakaowa, emulgator: lecytyny (soja); wanilina),mlekoodtłuszczone w proszku (17,5 %),cukier,tłuszcze roślinne (palmowy, shea),masłoodwodnione,emulgator: lecytyny (soja),wanilina,Składnikimleka: 32 % - Składniki kakao: 14,5 %"}, {"header": "Pozostałe informacje", "content": "Kraj pochodzenia:PolandKraj pochodzenia zależy od konkretnej partii produktu jaka znajduje się w sklepie. Informację o kraju pochodzenia znajdziesz na opakowaniu. Możesz również dodać komentarz z preferowanym typem produktu w koszyku lub wiadomości dla shoppera (np. “prosze o pomidory polskie”).Nazwa wymagana prawnie:Pusta figurka pokryta mleczną czekoladą z warstwą białego mlecznego nadzienia (55 %) wewnątrz."}], "images": ["data/images/8de6a3fb699984e01658956b77018785.jpg"], "absolute_path": "Artykuły spożywcze/Słodycze/Czekolady/Produkt 23"}
{"name": "Produkt 3", "url": "https://zakupy.biedronka.pl/e.-wedel-e.-wedel-ptasie-mleczko-czekoladowe-w-czekoladzie-deserowej-340-g-0000006797.html", "title": "E. Wedel Ptasie mleczko czekoladowe w czekoladzie deserowej 340 g", "brand": "E. Wedel", "price": "21.99 PLN", "packaging_details": "0.34kg- 64,68 zł / kg", "description_sections": [{"header": "Opis produktu", "content": "Delikatna pianka w czekoladzie deserowej."}, {"header": "Składniki i alergeny", "content": "Składniki:Czekolada deserowa 30% (Cukier, Miazga kakaowa, Tłuszcz kakaowy, Tłuszczmleczny, Emulgatory: lecytynysojowei E 476, Aromat), Cukier, Syrop glukozowy, Masło, Mleko zagęszczone słodzone (Mleko, Cukier), Roztwór cukru inwertowanego, Miazga kakaowa (2,7%), Białkojajaw proszku, Substancja żelująca (agar), Regulator kwasowości (kwas cytrynowy), Aromaty, Substancja konserwująca (E 202). Czekolada deserowa: masa kakaowa minimum 47 %. Może zawierać orzeszkiarachidowe,orzechy, zboża (gluten).Alergeny:Mleko i produkty pochodne (łącznie z laktozą), \n\nSoja i produkty pochodne, \n\nJaja i produkty pochodneInne informacje o zawartości produktu:Zawiera surowce GMO:Nie, \n\nInformacje szczegółowe dotyczące środków słodzących:zawiera syrop glukozowy lub glukozowo-fruktozowy, \n\nZawiera aromaty:Tak, \n\nZawiera substancje konserwujące:Tak, \n\nDodatki zawarte w produkcie (E-symbole):E476 Polirycynooleinian, E202 Sorbinian potasu, \n\nFunkcje dodatków obecnych w produkcie (zadeklarowanych jako dodatki lub numery E):Emulgator, Substancja konserwująca"}, {"header": "Wartość odżywcza", "content": "W 100 gWartość energetyczna kcal443 kcalZawartość tłuszczów (ogólnie)22 gKwasy tłuszczowe nasycone14 gZawartość węglowodanów56 gCukry47 gZawartość błonnika3.3 gZawartość białek3 gZawartość soli0.06 g"}, {"header": "Pozostałe informacje", "content": "Kraj pochodzenia:PolskaKraj pochodzenia zależy od konkretnej partii produktu jaka znajduje się w sklepie. Informację o kraju pochodzenia znajdziesz na opakowaniu. Możesz również dodać komentarz z preferowanym typem produktu w koszyku lub wiadomości dla shoppera (np. “prosze o pomidory polskie”).Producent:LOTTE WedelImporter:Lotte Wedel Sp. z o.o.Zamoyskiego 28/30 03-801 Warszawa PLkontakt@wedel.plNazwa wymagana prawnie:Ptasie Mleczko® Czekoladowe. Delikatna pianka w czekoladzie deserowej"}], "images": ["data/images/18d53b58484380fb94b966022b51dbd9.jpg"], "absolute_path": "Artykuły spożywcze/Słodycze/Bombonierki/Produkt 3"}
{"name": "Produkt 6", "url": "https://zakupy.biedronka.pl/lindt-lindt-nuxor-praliny-z-czekolady-mlecznej-gianduja-z-calymi-orzechami-laskowymi-150-g-0000023509.html", "title": "Lindt Nuxor Praliny z czekolady mlecznej Gianduja z całymi orzechami laskowymi 150 g", "brand": "Lindt", "price": "39.99 PLN", "packaging_details": "0.15kg- 266,60 zł / kg", "description_sections": [{"header": "Opis produktu", "content": "Subrand:Nuxor"}, {"header": "Składniki i alergeny", "content": "Składniki:orzechylaskowe39 %,cukier,tłuszcz kakaowy,mlekopełne w proszku,miazga kakaowa,odtłuszczonemlekow proszku,emulgator: lecytyny (soja),aromat,Czekoladamleczna: masa kakaowa minimum 31 %Alergeny:Może zawierać Migdały, \n\nMoże zawierać Orzechy brazylijskie, \n\nMoże zawierać Orzechy nerkowca, \n\nZawiera Orzechy laskowe, \n\nMoże zawierać Orzechy makadamia / Orzechy Queensland, \n\nZawiera Mleko, \n\nMoże zawierać Orzechy, \n\nMoże zawierać Orzeszki pekan, \n\nMoże zawierać Pistacje/orzechy pistacjowe, \n\nZawiera Soja, \n\nMoże zawierać Orzechy włoskieInne informacje o zawartości produktu:Smaki / Aromaty:Zawiera"}, {"header": "Wartość odżywcza", "content": "W 100 gWartość energetyczna602 kcalTłuszcz45 gw tym kwasy tłuszczowe nasycone13 gWęglowodany39 gw tym cukry35 gBiałko9.3 gSól0.13 g"}, {"header": "Pozostałe informacje", "content": "Dystrybutor:Lindt & Sprüngli (Poland) Sp. z o.o.ul. Franciszka Klimczaka 1 02-797 WarszawaImporter:Jeronimo Martins Polska S.A.Żniwna 5 62-025 Kostrzyn PLNazwa wymagana prawnie:Praliny z czekolady mlecznej Gianduja z całymi orzechami laskowymi (20 %)."}], "images": ["data/images/ce8c21ba71bf78e73567c679fdb03b41.jpg"], "absolute_path": "Artykuły spożywcze/Słodycze/Bombonierki/Produkt 6"}
{"name": "Produkt 2", "url": "https://zakupy.biedronka.pl/wedel-e.-wedel-ptasie-mleczko-waniliowe-w-czekoladzie-deserowej-340-g-0000011787.html", "title": "E. Wedel Ptasie Mleczko Waniliowe w czekoladzie deserowej 340 g", "brand": "Wedel", "price": "21.99 PLN", "packaging_details": "0.34kg- 64,68 zł / kg", "description_sections": [{"header": "Opis produktu", "content": "Delikatna pianka w czekoladzie deserowej."}, {"header": "Składniki i alergeny", "content": "Składniki:Czekolada deserowa 30% (Cukier, Miazga kakaowa, Tłuszcz kakaowy, Tłuszczmleczny, Emulgatory: lecytynysojowei E 476, Aromat), Cukier, Syrop glukozowy, Masło, Mleko zagęszczone słodzone (Mleko, Cukier), Roztwór cukru inwertowanego, Białkojajaw proszku, Substancja żelująca (agar), Regulator kwasowości (kwas cytrynowy), Substancja konserwująca (E 202), Aromat, Naturalny aromat waniliowy. Czekolada deserowa: masa kakaowa minimum 47%.Alergeny:Mleko i produkty pochodne (łącznie z laktozą), \n\nSoja i produkty pochodne, \n\nJaja i produkty pochodneInne informacje o zawartości produktu:Informacje szczegółowe dotyczące środków słodzących:zawiera syrop glukozowy lub glukozowo-fruktozowy, \n\nZawiera surowce GMO:Nie, \n\nZawiera aromaty:Tak, \n\nZawiera substancje konserwujące:Tak, \n\nDodatki zawarte w produkcie (E-symbole):E476 Polirycynooleinian, E202 Sorbinian potasu, \n\nFunkcje dodatków obecnych w produkcie (zadeklarowanych jako dodatki lub numery E):Emulgator, Substancja konserwująca"}, {"header": "Wartość odżywcza", "content": "W 100 gWartość energetyczna kcal442 kcalZawartość tłuszczów (ogólnie)22 gKwasy tłuszczowe nasycone14 gZawartość węglowodanów57 gCukry48 gZawartość błonnika2.8 gZawartość białek2.8 gZawartość soli0.07 g"}, {"header": "Pozostałe informacje", "content": "Kraj pochodzenia:PolskaKraj pochodzenia zależy od konkretnej partii produktu jaka znajduje się w sklepie. Informację o kraju pochodzenia znajdziesz na opakowaniu. Możesz również dodać komentarz z preferowanym typem produktu w koszyku lub wiadomości dla shoppera (np. “prosze o pomidory polskie”).Producent:LOTTE Wedel sp. z o.o.Zamoyskiego 28\\30 03-801 Warszawa PLkontakt@wedel.plDystrybutor:Jeronimo Martins Polska S.A.Żniwna 5 62-025 Kostrzyn PLImporter:Lotte Wedel Sp. z o.o.Zamoyskiego 28/30 03-801 Warszawa PLkontakt@wedel.plNazwa wymagana prawnie:Ptasie Mleczko® Waniliowe. Delikatna pianka w czekoladzie deserowej"}], "images": ["data/images/72c4a6328b7539cf06a2492c2ea27ba1.jpg"], "absolute_path": "Artykuły spożywcze/Słodycze/Bombonierki/Produkt 2"}
{"name": "Produkt 5", "url": "https://zakupy.biedronka.pl/merci-merci-finest-selection-kolekcja-czekoladek--20-sztuk-250-g-0000012509.html", "title": "Merci Finest Selection Kolekcja czekoladek  (20 sztuk) 250 g", "brand": "Merci", "price": "23.99 PLN", "packaging_details": "0.25kg- 95,96 zł / kg", "description_sections": [{"header": "Opis produktu", "content": "8 rodzajów czekoladekŚmietankowaNugatowaOrzechowo-migdałowaKawowo-śmietankowaDeserowa mlecznaPralinowaMarcepanowaMus czekoladowySubrand:Finest Selection"}, {"header": "Składniki i alergeny", "content": "Składniki:cukier,tłuszcz kakaowy,miazga kakaowa,mlekow proszku pełne,tłuszcze roślinne (palmowy, shea),orzechylaskowe(3,8 %),migdały(3,4 %),śmietanka w proszku,mlekow proszku odtłuszczone,laktoza(zmleka),maślanka w proszku (zmleka),tłuszczmleczny,dekstroza,kakao o obniżonej zawartości tłuszczu,fruktoza,emulgator: lecytyny (zsoi),syrop glukozowy,syrop z cukru inwertowanego,kawa,aromaty,sól,Czekoladamleczna: masa kakaowa minimum 32 %,Czekolada śmietankowa: masa kakaowa minimum 32 %,Czekolada śmietankowa: masa kakaowa minimum 45 %,Czekolada: masa kakaowa minimum 50 %Alergeny:Zawiera Migdały, \n\nMoże zawierać Orzechy brazylijskie, \n\nMoże zawierać Orzechy nerkowca, \n\nMoże zawierać Jaja, \n\nZawiera Orzechy laskowe, \n\nMoże zawierać Orzechy makadamia / Orzechy Queensland, \n\nZawiera Mleko, \n\nMoże zawierać Orzechy, \n\nMoże zawierać Orzeszki ziemne, \n\nMoże zawierać Orzeszki pekan, \n\nMoże zawierać Pistacje/orzechy pistacjowe, \n\nZawiera Soja, \n\nMoże zawierać Orzechy włoskieInne informacje o zawartości produktu:Smaki / Aromaty:Zawiera, \n\nSyrop glukozowy lub glukozowo-fruktozowy:Zawiera"}, {"header": "Wartość odżywcza", "content": "W 100 gWartość energetyczna563 kcalTłuszcz36.1 gw tym kwasy tłuszczowe nasycone19.7 gWęglowodany50 gw tym cukry48.1 gBiałko7.6 gSól0.15 g"}, {"header": "Pozostałe informacje", "content": "Producent:AUGUST STORCK KG\nWaldstr. 27,\nD-13403 Berlin\nNiemcy\nwww.strock.comDystrybutor:STROCK Sp. z o.o.ul. Przyokopowa 26 01-208 Warszawa www.strock.plImporter:Jeronimo Martins Polska S.A.Żniwna 5 62-025 Kostrzyn PLNazwa wymagana prawnie:Mieszanka czekoladek nadziewanych i nienadziewanych."}], "images": ["data/images/d5649318018657c24254cd9d1ba949bf.jpg"], "absolute_path": "Artykuły spożywcze/Słodycze/Bombonierki/Produkt 5"}
{"name": "Produkt 4", "url": "https://zakupy.biedronka.pl/e.-wedel-e.-wedel-barylki-klasyczne-z-alkoholem-w-czekoladzie-deserowej-200-g-0000002330.html", "title": "E. Wedel Baryłki klasyczne z alkoholem w czekoladzie deserowej 200 g", "brand": "E. Wedel", "price": "23.99 PLN", "packaging_details": "0.2kg- 119,95 zł / kg", "description_sections": [{"header": "Opis produktu", "content": "W czekoladkach z alkoholem szukasz klasycznych smaków, takich jak: advocat, wiśnia czy kakao? Dobrze trafiłeś! Baryłki to czekoladki z alkoholem, które powinno zasmakować miłośnikom czekolady.Pralinki stworzyli najbardziej doświadczeni wedlowscy czekoladnicy, a ich receptury bazują przede wszystkim na starannie wyselekcjonowanych ziarnach kakaowca z Ghany. To właśnie dzięki niemu bombonierka zachwyca unikalnym, intensywnym smakiem.Baryłki klasyczne dobrze sprawdzą się jako słodki upominek dla bliskich. Osłodzą również przyjemne chwile celebracji ważnych momentów. Doskonale łączą się z kawą i herbatą.Odkryj bombonierkę pełną klasycznych smaków czekoladek z alkoholem!• Oryginalna wedlowska czekolada deserowa• Najwyższej jakości kakao z Ghany• Intensywne w smaku alkoholowe nadzienie• Smak wiśni, advocata i kakao• Idealne jako słodki upominek dla bliskich• Piękne, prezentowe opakowanieBaryłki klasyczne występują również w innych wersjach smakowych. Dostępne są także Baryłki Whisky i Baryłki Cocktail."}, {"header": "Składniki i alergeny", "content": "Składniki:czekolada deserowa 50 % (cukier, miazga kakaowa, tłuszcz kakaowy, tłuszczmleczny, emulgator: lecytynysojowe, aromat),syrop glukozowy,cukier,mlekozagęszczone słodzone,spirytus (4 %),kakao o obniżonej zawartości tłuszczu,zagęszczony sok wiśniowy,aromaty,barwnik (kurkumina),Czekolada deserowa: masa kakaowa minimum 45 %"}, {"header": "Pozostałe informacje", "content": "Nazwa wymagana prawnie:Baryłki czekoladowe z nadzieniem alkoholowym."}], "images": ["data/images/941b6ea91837cb4f09f9469cd3a7e84c.jpg"], "absolute_path": "Artykuły spożywcze/Słodycze/Bombonierki/Produkt 4"}
{"name": "Produkt 9", "url": "https://zakupy.biedronka.pl/e.-wedel-e.-wedel-ptasie-mleczko-czekoladowe-w-czekoladzie-deserowej-340-g-0001165570.html", "title": "E. Wedel Ptasie mleczko czekoladowe w czekoladzie deserowej 340 g", "brand": "E. Wedel", "price": "21.99 PLN", "packaging_details": "0.34kg", "description_sections": [{"header": "Składniki i alergeny", "content": "Składniki:czekolada deserowa 30 % (cukier, miazga kakaowa, tłuszcz kakaowy, tłuszczmleczny, emulgatory: lecytynysojowei E 476, aromat),cukier,syrop glukozowy,masło,mlekozagęszczone słodzone (mleko, cukier),roztwór cukru inwertowanego,miazga kakaowa (2,7 %),białkojajaw proszku,substancja żelująca (agar),regulator kwasowości (kwas cytrynowy),aromaty,substancja konserwująca (E 202),Czekolada deserowa: masa kakaowa minimum 47 %Alergeny:Może zawierać Zboża zawierające gluten, \n\nZawiera Jaja, \n\nZawiera Mleko, \n\nMoże zawierać Orzechy, \n\nMoże zawierać Orzeszki ziemne, \n\nZawiera SojaInne informacje o zawartości produktu:Smaki / Aromaty:Zawiera, \n\nkonserwanty:Zawiera, \n\nSyrop glukozowy lub glukozowo-fruktozowy:Zawiera"}, {"header": "Wartość odżywcza", "content": "W 100 gWartość energetyczna443 kcalTłuszcz22 gw tym kwasy tłuszczowe nasycone14 gWęglowodany56 gw tym cukry47 gBłonnik3.3 gBiałko3 gSól0.06 g"}, {"header": "Przechowywanie i sposób przygotowania", "content": "Sposób podania:Produkt nadaje się do zamrożenia. Po rozmrożeniu, nie zamrażać ponownie, przechowywać w lodówce i spożyć w ciągu 48 godzin."}, {"header": "Pozostałe informacje", "content": "Producent:LOTTE Wedel sp. z o.o.\nul. Zamoyskiego 28\\30\n03-801 Warszawa\nPolska\nwww.wedel.pl\nwww.czekolada.pl\nInfolinia konsumencka\n801 811 011\nOpłata według taryfy lokalnejDystrybutor:Jeronimo Martins Polska S.A.Żniwna 5 62-025 Kostrzyn PLImporter:Jeronimo Martins Polska S.A.Żniwna 5 62-025 Kostrzyn PLNazwa wymagana prawnie:Ptasie mleczko czekoladowe. Delikatna pianka w czekoladzie deserowej."}], "images": ["data/images/18d53b58484380fb94b966022b51dbd9.jpg"], "absolute_path": "Artykuły spożywcze/Słodycze/Bombonierki/Produkt 9"}
{"name": "Produkt 1", "url": "https://zakupy.biedronka.pl/gusto-bello-gusto-bello-deser-tiramisu-500-g-0000003832.html", "title": "Gusto Bello Deser Tiramisu 500 g", "brand": "Gusto Bello", "price": "15.99 PLN", "packaging_details": "0.5kg- 31,98 zł / kg", "description_sections": [{"header": "Składniki i alergeny", "content": "Składniki:krem mascarpone 80%: odtworzone odtłuszczonemlekozmlekaw proszku, syrop glukozowy, olej kokosowy, cukier, białkamleka, żółtkojaja, białkojaja, wino Marsala 2,4%,sermascarpone 2% (śmietanka,mleko, regulator kwasowości-kwas mlekowy), alkohol etylowy, skrobia tapiokowa, stabilizatory: karagen, mączka chleba świętojańskiego, emulgator - mono- i diglicerydy kwasów tłuszczowych, aromaty naturalne. Biszkopt Savoiardi lady fingers 9,5%: mąkapszenna, cukier, pasteryzowana masa jajowa, substancje spulchniające: węglany sodu, węglany amonu; syrop glukozowy, aromaty naturalne, sól. Poncz kawowy 9,5%: woda, syrop glukozowy, alkohol etylowy, kawa rozpuszczalna 3,2%. Kakao w proszku 1%. Kakao pochodzi spoza UE. Może zawieraćsojęiorzechy. Zawartość alkoholu: 1,2%.Alergeny:Mleko i produkty pochodne (łącznie z laktozą), \n\nJaja i produkty pochodne, \n\nZboża zawierajace gluten, \n\nPszenica i produkty z pszenicyInne informacje o zawartości produktu:Zawiera surowce GMO:Nie, \n\nInformacje szczegółowe dotyczące środków słodzących:zawiera syrop glukozowy lub glukozowo-fruktozowy"}, {"header": "Wartość odżywcza", "content": "W 100 gWartość energetyczna kcal270 kcalZawartość tłuszczów (ogólnie)12 gKwasy tłuszczowe nasycone9.5 gZawartość węglowodanów34 gCukry23 gZawartość błonnika1 gZawartość białek4 gZawartość soli0.19 g"}, {"header": "Pozostałe informacje", "content": "Producent:Jeronimo Martins Polska S.A.Dystrybutor:Jeronimo Martins Polska S.A.Żniwna 5 62-025 KostrzynImporter:Jeronimo Martins Polska S.A.Żniwna 5 62-025 Kostrzyn PLNazwa wymagana prawnie:Deser Tiramisu. Biszkopty Savoiard Ladyfingers nasączone ponczem kawowym, pokryte kremem mascarpone oraz winem Marsala, z posypką kakaową."}], "images": ["data/images/5a7d0943c557512c82246cddcd37313b.jpg"], "absolute_path": "Artykuły spożywcze/Słodycze/Ciasta/Produkt 1"}
{"name": "Produkt 7", "url": "https://zakupy.biedronka.pl/ferrero-rocher-ferrero-rocher-chrupiacy-wafelek-z-kremowym-nadzieniem-i-orzechem-laskowym-w-czekoladzie-200-g-0000004136.html", "title": "Ferrero Rocher Chrupiący wafelek z kremowym nadzieniem i orzechem laskowym w czekoladzie 200 g", "brand": "Ferrero Rocher", "price": "29.99 PLN", "packaging_details": "0.2kg- 149,95 zł / kg", "description_sections": [{"header": "Składniki i alergeny", "content": "Składniki:czekoladamleczna30% (cukier, tłuszcz kakaowy, miazga kakaowa,mlekoodtłuszczone w proszku,masłoodwodnione, emulgator: lecytyny (soja); wanilina),orzechylaskowe(28,5%),cukier,olej palmowy,mąkapszenna,serwatka w proszku,kakao w proszku o obniżonej zawartości tłuszczu,emulgator: lecytyny (soja),substancja spulchniająca (wodorowęglan sodu),sól,wanilinaAlergeny:Zawiera Orzechy laskowe, \n\nZawiera Mleko, \n\nZawiera Soja, \n\nZawiera Pszenica"}, {"header": "Wartość odżywcza", "content": "Wartość energetyczna603 kcalTłuszcz42.7 gw tym kwasy tłuszczowe nasycone14.1 gWęglowodany44.4 gw tym cukry39.9 gBiałko8.2 gSól0.15 g"}, {"header": "Pozostałe informacje", "content": "Producent:Ferrero Polska Commercial Sp. z o.o.Importer:FERRERO POLSKA COMMERCIAL SP. Z O.O.WIERTNICZA 126 02-952 WARSZAWA PLNazwa wymagana prawnie:Chrupiący wafelek z kremowym nadzieniem (40,5%) i całym orzechem laskowym, zatopionym w mlecznej czekoladzie posypanej kruszonymi orzechami laskowymi."}], "images": ["data/images/d5a6d229978cb88591cb09ba51f16375.jpg"], "absolute_path": "Artykuły spożywcze/Słodycze/Bombonierki/Produkt 7"}
{"name": "Produkt 2", "url": "https://zakupy.biedronka.pl/slodka-kraina-slodka-kraina-strucla-truskawkowa-450-g-0000001177.html", "title": "Słodka Kraina Strucla truskawkowa 450 g", "brand": "Słodka Kraina", "price": "6.99 PLN", "packaging_details": "0.45kg- 15,53 zł / kg", "description_sections": [{"header": "Opis produktu", "content": "Ciasto drożdżowe z nadzieniem truskawkowym"}, {"header": "Składniki i alergeny", "content": "Składniki:mąkapszenna, nadzienie truskawkowe 34,6% (owoce truskawki 44,6%*, przecier jabłkowy, skrobia modyfikowana, cukier, przecier aroniowy, przecier śliwkowy, przecier wiśniowy, substancja żelująca: pektyny, regulator kwasowości: kwas cytrynowy), cukier, olej rzepakowy, masa jajowa, serwatka w proszku (zmleka), woda,masło1%, drożdże, sól, barwnik: karoteny, aromat. *procentowa zawartość w nadzieniuAlergeny:Mleko i produkty pochodne (łącznie z laktozą), \n\nJaja i produkty pochodne, \n\nZboża zawierajace gluten, \n\nPszenica i produkty z pszenicyInne informacje o zawartości produktu:Zawiera surowce GMO:Nie, \n\nZawiera barwniki:Tak, \n\nZawiera aromaty:Tak, \n\nZawiera substancje konserwujące:Nie"}, {"header": "Wartość odżywcza", "content": "W 100 gWartość energetyczna kcal309 kcalZawartość tłuszczów (ogólnie)5.8 gKwasy tłuszczowe nasycone0.8 gZawartość węglowodanów58 gCukry25 gZawartość błonnika1.2 gZawartość białek5.5 gZawartość soli0.37 g"}, {"header": "Pozostałe informacje", "content": "Kraj pochodzenia:PolskaKraj pochodzenia zależy od konkretnej partii produktu jaka znajduje się w sklepie. Informację o kraju pochodzenia znajdziesz na opakowaniu. Możesz również dodać komentarz z preferowanym typem produktu w koszyku lub wiadomości dla shoppera (np. “prosze o pomidory polskie”).Dystrybutor:PIEKARNIA OSKROBA S.ACzłekówka 90 05-340 Kołbielbiuro@oskroba.plNazwa wymagana prawnie:Strucla drożdżowa z nadzieniem truskawkowym, pasteryzowana"}], "images": ["data/images/eac37423f6be77f23cf5217eba0b7203.jpg", "data/images/d7dcd63bd359221b65d1db40e8e0335c.jpg"], "absolute_path": "Artykuły spożywcze/Słodycze/Ciasta/Produkt 2"}
{"name": "Produkt 8", "url": "https://zakupy.biedronka.pl/lindt-lindt-lindor-praliny-milk-cornet-200-g-0000015065.html", "title": "Lindt Lindor Praliny Milk Cornet 200 g", "brand": "Lindt", "price": "36.99 PLN", "packaging_details": "0.2kg- 184,95 zł / kg", "description_sections": [{"header": "Opis produktu", "content": "Pralinki z czekolady mlecznej z delikatnie rozpływającym się nadzieniem (44%)"}, {"header": "Składniki i alergeny", "content": "Składniki:cukier, tłuszcze roślinne (kokosowy, z nasion palmy), tłuszcz kakaowy, miazga kakaowa,mlekopełne w proszku, odtłuszczonemlekow proszku,laktoza, bezwodny tłuszczmleczny, emulgator: lecytyny (soja), ekstrakt słodowyjęczmienny, aromaty. Może zawieraćorzechylaskowei inneorzechy. Czekoladamleczna: masa kakaowa minimum: 32%. Masamlecznaminimum: 21%.Alergeny:Mleko i produkty pochodne (łącznie z laktozą), \n\nSoja i produkty pochodne, \n\nZboża zawierajace gluten, \n\nJęczmień i produkty jęczmienneInne informacje o zawartości produktu:Zawiera surowce GMO:Nie"}, {"header": "Wartość odżywcza", "content": "W 100 gWartość energetyczna kcal623 kcalZawartość tłuszczów (ogólnie)47 gKwasy tłuszczowe nasycone34 gZawartość węglowodanów44 gCukry42 gZawartość białek5 gZawartość soli0.17 g"}, {"header": "Pozostałe informacje", "content": "Kraj pochodzenia:WłochyKraj pochodzenia zależy od konkretnej partii produktu jaka znajduje się w sklepie. Informację o kraju pochodzenia znajdziesz na opakowaniu. Możesz również dodać komentarz z preferowanym typem produktu w koszyku lub wiadomości dla shoppera (np. “prosze o pomidory polskie”).Producent:Lindt & Sprungli (Poland) Sp. z o. o.Dystrybutor:Lindt & Sprüngli (Poland) Sp. z o.o.ul. Franciszka Klimczaka 1 02-797 Warszawa www.lindt.comImporter:Lindt & SprungliFranciszka Klimczaka 1 02-797 Warszawa PLmgolawska@lindt.comNazwa wymagana prawnie:Pralinki z czekolady mlecznej z delikatnie rozpływającym się nadzieniem (44%)"}], "images": ["data/images/d3262140debf9124efee4cdd028d2b5b.jpg", "data/images/d3a856135b852bd8b5a5c0d5e3274949.jpg", "data/images/f5e27388085884a8b2ef72cb3e3e2f7f.jpg", "data/images/467aeb8ac880f28a7bcb1a783156f810.jpg"], "absolute_path": "Artykuły spożywcze/Słodycze/Bombonierki/Produkt 8"}
{"name": "Produkt 4", "url": "https://zakupy.biedronka.pl/dan-cake-dan-cake-babka-piaskowa-o-smaku-waniliowym-600-g-0000006267.html", "title": "Dan Cake Babka piaskowa o smaku waniliowym 600 g", "brand": "Dan Cake", "price": "10.99 PLN", "packaging_details": "0.6kg- 18,32 zł / kg", "description_sections": [{"header": "Składniki i alergeny", "content": "Składniki:cukier,jaja,olej rzepakowy,mąkapszenna,skrobiapszenna,syrop glukozowo-fruktozowy,glukoza,substancja utrzymująca wilgoć: glicerol,emulgator: mono- i diglicerydy kwasów tłuszczowych,sól,substancje spulchniające: difosforany, węglany sodu,regulator kwasowości: octany sodu,naturalny aromat,całkowicie utwardzony tłuszcz palmowy*,tłuszcz palmowy* (*certyfikowany olej palmowy)Alergeny:Zawiera Jaja, \n\nMoże zawierać Mleko, \n\nMoże zawierać Orzechy, \n\nZawiera PszenicaInne informacje o zawartości produktu:Smaki / Aromaty:Zawiera, \n\nSyrop glukozowy lub glukozowo-fruktozowy:Zawiera"}, {"header": "Wartość odżywcza", "content": "W 100 gWartość energetyczna426 kcalTłuszcz19 gw tym kwasy tłuszczowe nasycone2.3 gWęglowodany60 gw tym cukry35 gBiałko4.2 gSól0.8 g"}, {"header": "Pozostałe informacje", "content": "Producent:Dan Cake Polonia Sp. z o.o.\nul. Transportowców 15\n32-500 Chrzanów,\nPolska\nwww.dancake.plDystrybutor:Dan Cake Polonia Sp. z o.o.ul. Transportowców 15 32-500 ChrzanówNazwa wymagana prawnie:Ciasto biszkoptowo-tłuszczowe."}], "images": ["data/images/8f0a14456987948491cbc3e9c2099ca7.jpg"], "absolute_path": "Artykuły spożywcze/Słodycze/Ciasta/Produkt 4"}
{"name": "Produkt 5", "url": "https://zakupy.biedronka.pl/slodka-kraina-slodka-kraina-graciella-kakaowa-400-g-0000000903.html", "title": "Słodka Kraina Graciella kakaowa 400 g", "brand": "Słodka Kraina", "price": "7.99 PLN", "packaging_details": "0.4kg- 19,98 zł / kg", "description_sections": [{"header": "Składniki i alergeny", "content": "Składniki:Cukier, mąkapszenna, masa jajowa, tłuszcz palmowy, 9% polewa kakaowa (cukier, tłuszcz palmowy całkowicie utwardzony, 11% kakao w proszku o obniżonej zawartości tłuszczu, emulgator: lecytyny; stabilizator: tristerynian sorbitolu), substancje utrzymujące wilgoć: sorbitole, glicerol; 2,5 drażetki czekoladowe (cukier, miazga kakaowa, kakao w proszku o obniżonej zawartości tłuszczu, tłuszcz kakaowy, emulgator: lecytyny) 2,5% kakao w proszku o obniżonej zawartości tłuszczu, syrop glukozowo- fruktozowy, emulgator: mono- i diglicerydy kwasów tłuszczowych; naturalne aromaty, skrobiapszenna, sól, substancje spulchniające; difosforany, węglany sodu; regulator kwasowości: octan sodu (certyfikowany olej palmowy). Produkt może zawieraćorzechy,mlekoi produkty pochodne.Alergeny:Jaja i produkty pochodne, \n\nZboża zawierajace gluten, \n\nPszenica i produkty z pszenicyInne informacje o zawartości produktu:Zawiera surowce GMO:Nie, \n\nInformacje szczegółowe dotyczące środków słodzących:zawiera syrop glukozowy lub glukozowo-fruktozowy, \n\nZawiera fosforany:Tak, \n\nZawiera aromaty:Tak, \n\nZawiera olej palmowy:Tak"}, {"header": "Wartość odżywcza", "content": "W 100 gWartość energetyczna kcal400 kcalZawartość tłuszczów (ogólnie)20 gKwasy tłuszczowe nasycone12 gZawartość węglowodanów51 gCukry33 gZawartość błonnika1.5 gZawartość białek4.5 gZawartość soli0.6 g"}, {"header": "Pozostałe informacje", "content": "Producent:Dan Cake Polonia Sp. z o.o.Dystrybutor:Jeronimo Martins Polska S.A.Żniwna 5 62-025 KostrzynImporter:Jeronimo Martins Polska S.A.Żniwna 5 62-025 Kostrzyn PLNazwa wymagana prawnie:Ciasto kakaowe. Ciasto biszkoptowo - tłuszczowe z czekoladowymi drażetkami w polewie kakaowej."}], "images": ["data/images/6c2fba074cb707838ec94aacfb8d3fa3.jpg", "data/images/a8894530f7db045dd3e350f0ef5f9c35.jpg"], "absolute_path": "Artykuły spożywcze/Słodycze/Ciasta/Produkt 5"}
{"name": "Produkt 7", "url": "https://zakupy.biedronka.pl/slodka-kraina-slodka-kraina-strucla-owocowa-450-g-0000001175.html", "title": "Słodka Kraina Strucla owocowa 450 g", "brand": "Słodka Kraina", "price": "6.99 PLN", "packaging_details": "0.45kg- 15,53 zł / kg", "description_sections": [{"header": "Opis produktu", "content": "Ciasto drożdżowe z nadzieniem owocowym"}, {"header": "Składniki i alergeny", "content": "Składniki:mąkapszenna, nadzienie owocowe 34,6% (przecier jabłkowy 45,8%, owoce czarnej porzeczki 44,9%*, skrobia modyfikowana, cukier, przecier aroniowy 1%*, przecier śliwkowy 1%*, przecier wiśniowy 1%*, substancja żelująca: pektyny, regulator kwasowości: kwas cytrynowy, aromat), cukier, olej rzepakowy, masa jajowa, serwatka w proszku (zmleka), woda,masło1%, drożdże, sól, barwnik: karoteny, aromat. *zawartość owoców w nadzieniuAlergeny:Mleko i produkty pochodne (łącznie z laktozą), \n\nJaja i produkty pochodne, \n\nZboża zawierajace gluten, \n\nPszenica i produkty z pszenicyInne informacje o zawartości produktu:Zawiera surowce GMO:Nie, \n\nZawiera barwniki:Tak, \n\nZawiera aromaty:Tak, \n\nZawiera substancje konserwujące:Nie"}, {"header": "Wartość odżywcza", "content": "W 100 gWartość energetyczna kcal313 kcalZawartość tłuszczów (ogólnie)6.5 gKwasy tłuszczowe nasycone1 gZawartość węglowodanów56 gCukry25 gZawartość błonnika2.4 gZawartość białek5.3 gZawartość soli0.31 g"}, {"header": "Pozostałe informacje", "content": "Kraj pochodzenia:PolskaKraj pochodzenia zależy od konkretnej partii produktu jaka znajduje się w sklepie. Informację o kraju pochodzenia znajdziesz na opakowaniu. Możesz również dodać komentarz z preferowanym typem produktu w koszyku lub wiadomości dla shoppera (np. “prosze o pomidory polskie”).Dystrybutor:PIEKARNIA OSKROBA S.ACzłekówka 90 05-340 Kołbielbiuro@oskroba.plNazwa wymagana prawnie:Strucla drożdżowa z nadzieniem owocowym, pasteryzowana"}], "images": ["data/images/8987139705e07edd7f02519d77fc0398.jpg", "data/images/13180f9cb2f96289660b5dea0579864b.jpg"], "absolute_path": "Artykuły spożywcze/Słodycze/Ciasta/Produkt 7"}
{"name": "Produkt 3", "url": "https://zakupy.biedronka.pl/slodka-kraina-slodka-kraina-graciella-truskawkowa-400-g-0000000902.html", "title": "Słodka Kraina Graciella truskawkowa 400 g", "brand": "Słodka Kraina", "price": "7.99 PLN", "packaging_details": "0.4kg- 19,98 zł / kg", "description_sections": [{"header": "Składniki i alergeny", "content": "Składniki:Cukier, mąkapszenna, masa jajowa, tłuszcz palmowy, 10% polewa kakaowa (cukier, tłuszcz palmowy całkowicie utwardzony, 11% kakao w proszku o obniżonej zawartości tłuszczu, emulgator: lecytyny; stabilizator: tristearynian sorbitolu) 10% nadzienie truskawkowe (cukier, 30% przecier truskawkowy, syrop glukozowo- fruktozowy, substancja zagęszczająca: pektyny; regulator kwasowości: kwas cytrynowy; naturalny aromat), skrobiapszenna, substancje utrzymujące wilgoć; sorbitole, glicerol; syrop glukozowo- fruktozow, substancja zagęszczająca: pektyny; regulator kwasowości: kwas cytrynowy; naturalny aromat), skrobiapszenna, substancje utrzymujące wilgoć: sorbitole, glicerol; syrop glukozowo- fruktozowy, substancje spulchniające: difosforany, węglany sodu; sól, emulgator: mono- i diglicerydy kwasów tłuszczowych; naturalne aromaty; regulator kwasowości: octany sodu ; barwnik: karoteny. (certyfikowany olej palmowy). Produkt może zawieraćorzechy,mlekoi produkty pochodne.Alergeny:Jaja i produkty pochodne, \n\nZboża zawierajace gluten, \n\nPszenica i produkty z pszenicyInne informacje o zawartości produktu:Zawiera surowce GMO:Nie, \n\nInformacje szczegółowe dotyczące środków słodzących:zawiera syrop glukozowy lub glukozowo-fruktozowy, \n\nZawiera fosforany:Tak, \n\nZawiera barwniki:Tak, \n\nZawiera aromaty:Tak, \n\nZawiera olej palmowy:Tak"}, {"header": "Wartość odżywcza", "content": "W 100 gWartość energetyczna kcal421 kcalZawartość tłuszczów (ogólnie)19 gKwasy tłuszczowe nasycone11 gZawartość węglowodanów59 gCukry37 gZawartość błonnika1.2 gZawartość białek4.1 gZawartość soli0.63 g"}, {"header": "Pozostałe informacje", "content": "Producent:Dan Cake Polonia Sp. z o.o.Dystrybutor:Jeronimo Martins Polska S.A.Żniwna 5 62-025 KostrzynImporter:Jeronimo Martins Polska S.A.Żniwna 5 62-025 Kostrzyn PLNazwa wymagana prawnie:Ciasto truskawkowe. Ciasto biszkoptowo- truskawkowe z nadzieniem truskawkowym w polewie kakaowej."}], "images": ["data/images/25e0f79940cd4ab0b7325bde7deecd3e.jpg", "data/images/7a10311d19c5d6bab4f9866749a462f1.jpg"], "absolute_path": "Artykuły spożywcze/Słodycze/Ciasta/Produkt 3"}
{"name": "Produkt 6", "url": "https://zakupy.biedronka.pl/slodka-kraina-slodka-kraina-strucla-serowa-450-g-0000001176.html", "title": "Słodka Kraina Strucla serowa 450 g", "brand": "Słodka Kraina", "price": "6.99 PLN", "packaging_details": "0.45kg- 15,53 zł / kg", "description_sections": [{"header": "Opis produktu", "content": "Ciasto drożdżowe z nadzieniem serowym"}, {"header": "Składniki i alergeny", "content": "Składniki:mąkapszenna, nadzienie serowe 37,2% (twaróg chudy 37,5%*, woda, cukier, rodzynki 5,3%*, skrobia modyfikowana, serwatka w proszku (zmleka),mlekow proszku, aromat, barwnik: karoteny), cukier, olej rzepakowy, masa jajowa, serwatka w proszku (zmleka),masło1%, drożdże, sól, barwnik: karoteny, aromat. *zawartość w nadzieniuAlergeny:Mleko i produkty pochodne (łącznie z laktozą), \n\nJaja i produkty pochodne, \n\nZboża zawierajace gluten, \n\nPszenica i produkty z pszenicyInne informacje o zawartości produktu:Zawiera surowce GMO:Nie, \n\nZawiera barwniki:Tak, \n\nZawiera aromaty:Tak, \n\nZawiera substancje konserwujące:Nie"}, {"header": "Wartość odżywcza", "content": "W 100 gWartość energetyczna kcal345 kcalZawartość tłuszczów (ogólnie)6.1 gKwasy tłuszczowe nasycone1 gZawartość węglowodanów52 gCukry24 gZawartość błonnika1 gZawartość białek7.5 gZawartość soli0.34 g"}, {"header": "Pozostałe informacje", "content": "Kraj pochodzenia:PolskaKraj pochodzenia zależy od konkretnej partii produktu jaka znajduje się w sklepie. Informację o kraju pochodzenia znajdziesz na opakowaniu. Możesz również dodać komentarz z preferowanym typem produktu w koszyku lub wiadomości dla shoppera (np. “prosze o pomidory polskie”).Dystrybutor:PIEKARNIA OSKROBA S.ACzłekówka 90 05-340 Kołbielbiuro@oskroba.plNazwa wymagana prawnie:Strucla drożdżowa z nadzieniem serowym, pasteryzowana"}], "images": ["data/images/0814e9db658db278f8e4b2b79ce22264.jpg", "data/images/19621c0b1db4b6f30c643c827846fe5c.jpg"], "absolute_path": "Artykuły spożywcze/Słodycze/Ciasta/Produkt 6"}
{"name": "Produkt 3", "url": "https://zakupy.biedronka.pl/mandms-mandms-chocolate-czekolada-mleczna-w-kolorowych-skorupkach-125-g-0000009764.html", "title": "M&M's Chocolate Czekolada mleczna w kolorowych skorupkach 125 g", "brand": "M&M's", "price": "11.99 PLN", "packaging_details": "0.125kg- 95,92 zł / kg", "description_sections": [{"header": "Opis produktu", "content": "M&M's - Wszystkie kolory zabawy"}, {"header": "Składniki i alergeny", "content": "Składniki:cukier, miazga kakaowa, pełnemlekow proszku, tłuszcz kakaowy,laktoza(mleko), skrobia, tłuszcz palmowy, syrop glukozowy,masłoshea, stabilizator (guma arabska), emulgator (lecytyna sojowa), barwniki (E100, E133, E160a, E160e, E162, E170, E172), sól, dekstryna, substancja glazurująca (wosk carnauba), olej z nasion palmowatych, aromat. Może zawierać:migdały,orzechylaskowe,orzeszki ziemne. Czekoladamlecznaoprócz tłuszczu kakaowego zawiera tłuszcze roślinne.Alergeny:Mleko i produkty pochodne (łącznie z laktozą), \n\nSoja i produkty pochodneInne informacje o zawartości produktu:Zawiera surowce GMO:Nie, \n\nInformacje szczegółowe dotyczące środków słodzących:zawiera syrop glukozowy lub glukozowo-fruktozowy, \n\nZawiera barwniki:Tak, \n\nZawiera aromaty:Tak, \n\nDodatki zawarte w produkcie (E-symbole):E100 Kurkumina, E133 Błękit brylantowy FCF, E160a Karoteny, E160e Beta-apo-8′-karotenal (C 30), E162 Betanina (barwnik buraka ćwikłowego), E170 Węglan wapnia, E172 Tlenki i wodorotlenki żelaza, \n\nFunkcje dodatków obecnych w produkcie (zadeklarowanych jako dodatki lub numery E):Barwnik"}, {"header": "Wartość odżywcza", "content": "W 100 gWartość energetyczna kcal482 kcalZawartość tłuszczów (ogólnie)19 gKwasy tłuszczowe nasycone12 gZawartość węglowodanów70 gCukry66 gZawartość białek5.2 gZawartość soli0.17 g"}, {"header": "Pozostałe informacje", "content": "Kraj pochodzenia:PolskaKraj pochodzenia zależy od konkretnej partii produktu jaka znajduje się w sklepie. Informację o kraju pochodzenia znajdziesz na opakowaniu. Możesz również dodać komentarz z preferowanym typem produktu w koszyku lub wiadomości dla shoppera (np. “prosze o pomidory polskie”).Producent:Mars Polska sp. z o.o.,\nKożuszki Parcel 42,\n96-500 Sochaczew\n0 801 10 63 63Importer:Mars Polska Sp. z o.o.Kożuszki Parcel 42 96-500 Sochaczew PLwaw.reception@effem.comNazwa wymagana prawnie:Czekolada mleczna (69%) w chrupiących kolorowych skorupkach"}], "images": ["data/images/46723c720e58de348b0d949b3caf5e4f.jpg"], "absolute_path": "Artykuły spożywcze/Słodycze/Cukierki/Produkt 3"}
{"name": "Produkt 1", "url": "https://zakupy.biedronka.pl/wadowice-skawa-wadowice-skawa-korsarz-draze-kokosowe-xxl-130-g-0000008804.html", "title": "Wadowice Skawa Korsarz Draże kokosowe XXL 130 g", "brand": "Wadowice Skawa", "price": "3.69 PLN", "packaging_details": "0.13kg- 28,38 zł / kg", "description_sections": [{"header": "Opis produktu", "content": "Pyszne małe kulki drażowe o smaku kokosowym, w kolorze brązowym, pokryte chrupiącą warstwą. Draże Korsarze zapakowane zostały w torebkę 130 g. Tak duża forma podania zaspokoi apetyt nawet największego łasucha, to smaczna przekąska zarówno dla dzieci, jak i dla dorosłych. Ich oryginalne opakowanie nawiązuje do tematyki związanej z piratami."}, {"header": "Składniki i alergeny", "content": "Składniki:cukier,polewa kakaowa 17,9% [cukier, częściowo utwardzone tłuszcze roślinne (palmowy,sojowyi rzepakowy), kakao o obniżonej zawartości tłuszczu, emulgator: lecytyny (zsoi), aromat],wiórki kokosowe 10%,serwatka w proszku,częściowo utwardzony tłuszcz palmowy,mlekow proszku odtłuszczone,wafle (mąkapszenna, skrobia, olej rzepakowy, sól),syrop glukozowy,barwnik E 150 c,substancja glazurująca E 414Alergeny:Zawiera Mleko, \n\nMoże zawierać Orzechy, \n\nMoże zawierać Orzeszki ziemne, \n\nZawiera Soja, \n\nZawiera Pszenica"}, {"header": "Wartość odżywcza", "content": "Wartość energetyczna488 kcalTłuszcz19 gw tym kwasy tłuszczowe nasycone11 gWęglowodany74 gw tym cukry71 gBiałko3.4 gSól0.2 g"}, {"header": "Pozostałe informacje", "content": "Producent:ZPC \"SKAWA\" S.A.\nul. Młyńska 66\n34-100 WadowiceNazwa wymagana prawnie:Draże kokosowe w polewie kakaowej"}], "images": ["data/images/c8d8f3d8a508a123f093cc667b0614e1.jpg"], "absolute_path": "Artykuły spożywcze/Słodycze/Cukierki/Produkt 1"}
{"name": "Produkt 8", "url": "https://zakupy.biedronka.pl/dan-cake-dan-cake-rolada-truskawkowa-300-g-0000005149.html", "title": "Dan Cake Rolada truskawkowa 300 g", "brand": "Dan Cake", "price": "8.49 PLN", "packaging_details": "0.3kg- 28,30 zł / kg", "description_sections": [{"header": "Składniki i alergeny", "content": "Składniki:cukier,mąkapszenna,syrop glukozowo-fruktozowy,jaja,oleje roślinne (palmowy, rzepakowy),4 % przetarte truskawki,skrobia (zawierapszenicę),glukoza,substancja utrzymująca wilgoć: glicerol,odtłuszczonemlekow proszku,całkowicie utwardzony tłuszcz palmowy,substancje spulchniające: węglany sodu, difosforany,regulatory kwasowości: octany sodu, kwas cytrynowy, cytryniany sodu,białkamleka,emulgatory: mono- i diglicerydy kwasów tłuszczowych, lecytyny,sól,kakao w proszku o obniżonej zawartości tłuszczu,substancja konserwująca: sorbinian potasu,substancja żelująca: pektyny,naturalny aromat,koncentrat soku z czarnego bzu"}, {"header": "Pozostałe informacje", "content": "Kraj pochodzenia:DaniaKraj pochodzenia zależy od konkretnej partii produktu jaka znajduje się w sklepie. Informację o kraju pochodzenia znajdziesz na opakowaniu. Możesz również dodać komentarz z preferowanym typem produktu w koszyku lub wiadomości dla shoppera (np. “prosze o pomidory polskie”).Nazwa wymagana prawnie:Rolada truskawkowa. Rolada z ciasta biszkoptowego z nadzieniem truskawkowym (20 %) i kremem o smaku waniliowym (19 %), udekorowana polewą kakaową."}], "images": ["data/images/8dea937fd68b683aa310c617b7a4b095.jpg"], "absolute_path": "Artykuły spożywcze/Słodycze/Ciasta/Produkt 8"}
{"name": "Produkt 2", "url": "https://zakupy.biedronka.pl/winterfresh-winterfresh-mints-strong-mint-bezcukrowe-cukierki-16-szt.-28-g-0000004432.html", "title": "Winterfresh Mints Strong Mint Bezcukrowe cukierki (16 szt.) 28 g", "brand": "Winterfresh", "price": "2.99 PLN", "packaging_details": "0.028kg- 106,79 zł / kg", "description_sections": [{"header": "Składniki i alergeny", "content": "Składniki:substancja słodząca sorbitol, aspartam, acesulfam K,substancja przeciwzbrylająca E470b,aromaty,kwas: kwas mlekowy,regulator kwasowości mleczan wapniaInne informacje o zawartości produktu:Smaki / Aromaty:Zawiera, \n\nSubstancje słodzące:Zawiera"}, {"header": "Wartość odżywcza", "content": "W 100 gWartość energetyczna244 kcalTłuszcz1.2 gw tym kwasy tłuszczowe nasycone1.2 gWęglowodany97 gw tym cukry0 gw tym poliole97 gBiałko0 gSól0 g"}, {"header": "Pozostałe informacje", "content": "Producent:Mars Polska Sp. z o.o.,\nKożuszki-Parcel 42,\n96-500 Sochaczew,\nPolska\n800 800 131Importer:Mars Polska Sp. z o.o.Kożuszki Parcel 42 96-500 Sochaczew PLwaw.reception@effem.comNazwa wymagana prawnie:Bezcukrowe cukierki zawierają substancje słodzące o smaku miętowym."}], "images": ["data/images/85353ebe05cb8e808220063094ea8baa.jpg"], "absolute_path": "Artykuły spożywcze/Słodycze/Cukierki/Produkt 2"}
{"name": "Produkt 4", "url": "https://zakupy.biedronka.pl/fritt-fritt-guma-rozpuszczalna-o-smaku-grejpfrutowym-z-witamina-c-6-x-117-g-70-g-0000009567.html", "title": "Fritt Guma rozpuszczalna o smaku grejpfrutowym z witaminą C (6 x 11,7 g) 70 g", "brand": "Fritt", "price": "3.29 PLN", "packaging_details": "0.07kg- 47,00 zł / kg", "description_sections": [{"header": "Składniki i alergeny", "content": "Składniki:syrop glukozowy,cukier,tłuszcze roślinne (palmowy, kokosowy),żelatyna,kwas (kwas cytrynowy),sok grejpfrutowy w proszku (0,5 %),witamina C,naturalne aromaty,barwnik (czerwień buraczana, ekstrakt z papryki)"}, {"header": "Wartość odżywcza", "content": "W 100 gWartość energetyczna401 kcalTłuszcz8.5 gw tym kwasy tłuszczowe nasycone5.7 gWęglowodany79 gw tym cukry50 gBiałko2 gSól0.01 gWitaminy i składniki mineralnew 100  g% RWS w 100  gWitamina C150 mg0%"}, {"header": "Pozostałe informacje", "content": "Producent:Ludwig Schokolade GmbH & Co. KG,\nMember of the KRÜGER GROUP\nPostfach 2015,\n66720 Saarlouis,\nGermanyDystrybutor:Ludwig Schokolade GmbH & Co. KGMember of the KRÜGER GROUP Postfa ch 2015Importer:LUDWIG CZEKOLADA Sp. z o. o.Rzeczna 3 43-430 Skoczów PLtomasz.hankus@ludwig.com.plNazwa wymagana prawnie:Fritt Cukierek rozpuszczalny o smaku grejpfrutowym z witaminą C 70 g (6 x 11,7 g)"}], "images": ["data/images/8a19a6fce9b25fcf4a3a21139e224ac3.jpg"], "absolute_path": "Artykuły spożywcze/Słodycze/Cukierki/Produkt 4"}
{"name": "Produkt 6", "url": "https://zakupy.biedronka.pl/halls-halls-cukierki-o-smaku-miodu-i-cytryny-335-g-0000004157.html", "title": "Halls Cukierki o smaku miodu i cytryny 33,5 g", "brand": "Halls", "price": "2.65 PLN", "packaging_details": "0.034kg- 77,94 zł / kg", "description_sections": [{"header": "Składniki i alergeny", "content": "Składniki:cukier,syrop glukozowy,miód (4 %),kwasy (E 270, E 330),aromat,regulatory kwasowości (E 325, E 332),olejek eukaliptusowy,mentol,barwnik (E 160a)"}, {"header": "Wartość odżywcza", "content": "W 100 gWartość energetyczna389 kcalTłuszcz0 gw tym kwasy tłuszczowe nasycone0 gWęglowodany97 gw tym cukry78 gBiałko0.02 gSól0.08 g"}, {"header": "Pozostałe informacje", "content": "Dystrybutor:Mondelez Polska sp. z o.o.ul. Domaniewska 49 02-672  Warszawa801 066 006Nazwa wymagana prawnie:Halls Cukierki o smaku miodu i cytryny 33,5 g"}], "images": ["data/images/5578025193f6334a04a37c3ecdc65da3.jpg"], "absolute_path": "Artykuły spożywcze/Słodycze/Cukierki/Produkt 6"}
{"name": "Produkt 8", "url": "https://zakupy.biedronka.pl/tic-tac-tic-tac-strawberry-mix-18-g-0000001667.html", "title": "Tic Tac Strawberry Mix 18 g", "brand": "Tic Tac", "price": "2.49 PLN", "packaging_details": "0.018kg- 138,33 zł / kg", "description_sections": [{"header": "Opis produktu", "content": "Drażetki o smaku truskawki."}, {"header": "Składniki i alergeny", "content": "Składniki:cukier, maltodekstryny, kwasy (winowy, jabłkowy, cytrynowy), substancja zagęszczająca (guma arabska), skrobia ryżowa, fruktoza, aromaty, substancja przeciwzbrylająca (sole magnezowe kwasów tłuszczowych), sproszkowana truskawka, barwnik (betanina), sproszkowany sok cytrynowy, substancja glazurująca (wosk carnauba)."}, {"header": "Pozostałe informacje", "content": "Kraj pochodzenia:IrlandiaKraj pochodzenia zależy od konkretnej partii produktu jaka znajduje się w sklepie. Informację o kraju pochodzenia znajdziesz na opakowaniu. Możesz również dodać komentarz z preferowanym typem produktu w koszyku lub wiadomości dla shoppera (np. “prosze o pomidory polskie”).Nazwa wymagana prawnie:Drażetki o smaku truskawki Tic Tac 18g"}], "images": ["data/images/e33aea926a89d27ea534f2394af5c9b7.jpg"], "absolute_path": "Artykuły spożywcze/Słodycze/Cukierki/Produkt 8"}
{"name": "Produkt 9", "url": "https://zakupy.biedronka.pl/ups%21-ups%21-karmelki-o-smaku-mietowym-150-g-0000018647.html", "title": "UPS! Karmelki o smaku miętowym 150 g", "brand": "UPS!", "price": "3.49 PLN", "packaging_details": "0.15kg- 23,27 zł / kg", "description_sections": [{"header": "Składniki i alergeny", "content": "Składniki:syrop glukozowy, cukier, naturalne aromaty miętowe, barwnik: kompleksy miedziowe chlorofili i chlorofilin.Inne informacje o zawartości produktu:Zawiera surowce GMO:Nie, \n\nInformacje szczegółowe dotyczące środków słodzących:zawiera syrop glukozowy lub glukozowo-fruktozowy, \n\nZawiera barwniki:Tak, \n\nZawiera aromaty:Tak, \n\nDodatkowe informacje na temat produktu:Zawiera znikome ilości tłuszczów, kwasów tłuszczowych nasyconych, błonnika, białka i soli."}, {"header": "Wartość odżywcza", "content": "W 100 gWartość energetyczna kcal391 kcalZawartość tłuszczów (ogólnie)0 gKwasy tłuszczowe nasycone0 gZawartość węglowodanów98 gCukry77 gZawartość białek0 gZawartość soli0 g"}, {"header": "Pozostałe informacje", "content": "Dystrybutor:Jeronimo Martins Polska S.A.Żniwna 5 62-025 Kostrzyn PLImporter:Jeronimo Martins Polska S.A.Żniwna 5 62-025 Kostrzyn PLNazwa wymagana prawnie:Karmelki o smaku miętowym"}], "images": ["data/images/77042543cb69c811bac27e35709d9cdc.jpg"], "absolute_path": "Artykuły spożywcze/Słodycze/Cukierki/Produkt 9"}
{"name": "Produkt 7", "url": "https://zakupy.biedronka.pl/tic-tac-tic-tac-mint-18-g-0000001676.html", "title": "Tic Tac Mint 18 g", "brand": "Tic Tac", "price": "2.49 PLN", "packaging_details": "0.018kg- 138,33 zł / kg", "description_sections": [{"header": "Opis produktu", "content": "Drażetki o smaku miętowym."}, {"header": "Składniki i alergeny", "content": "Składniki:cukier, maltodekstryny, fruktoza, substancja zagęszczająca (guma arabska), skrobia ryżowa, substancja przeciwzbrylająca (sole magnezowe kwasów tłuszczowych), aromaty, olejek miętowy, substancja glazurująca (wosk carnauba)."}, {"header": "Pozostałe informacje", "content": "Kraj pochodzenia:IrlandiaKraj pochodzenia zależy od konkretnej partii produktu jaka znajduje się w sklepie. Informację o kraju pochodzenia znajdziesz na opakowaniu. Możesz również dodać komentarz z preferowanym typem produktu w koszyku lub wiadomości dla shoppera (np. “prosze o pomidory polskie”).Dystrybutor:Jeronimo Martins Polska S.A.Żniwna 5 62-025 Kostrzyn PLImporter:Jeronimo Martins Polska S.A.Żniwna 5 62-025 Kostrzyn PLNazwa wymagana prawnie:Drażetki o smaku miętowym Tic Tac 18g"}], "images": ["data/images/b2dd79afc13025885927c6916bbacd7f.jpg"], "absolute_path": "Artykuły spożywcze/Słodycze/Cukierki/Produkt 7"}
{"name": "Produkt 5", "url": "https://zakupy.biedronka.pl/tic-tac-tic-tac-citrus-mix-18-g-0000896321.html", "title": "TIC TAC Citrus Mix 18 g", "brand": "Tic Tac", "price": "2.49 PLN", "packaging_details": "0.018kg- 138,33 zł / kg", "description_sections": [{"header": "Opis produktu", "content": "Drażetki o smaku owoców yuzu, mandarynki, cytryny oraz cytryny-limetki"}, {"header": "Składniki i alergeny", "content": "Składniki:cukier, dekstroza, maltodekstryny, kwasy (winowy, cytrynowy, jabłkowy), substancja zagęszczająca (guma arabska), skrobia ryżowa, aromaty, substancja przeciwzbrylająca (sole magnezowe kwasów tłuszczowych), barwniki (kurkumina, beta-karoten), sproszkowany sok mandarynkowy, sproszkowany sok cytrynowy, przeciwutleniacz (kwas askorbinowy), sproszkowany sok limetkowy, sproszkowany sok z owoców yuzu, substancja glazurująca (wosk carnuba), koncentrat spiruliny."}, {"header": "Pozostałe informacje", "content": "Kraj pochodzenia:IrlandiaKraj pochodzenia zależy od konkretnej partii produktu jaka znajduje się w sklepie. Informację o kraju pochodzenia znajdziesz na opakowaniu. Możesz również dodać komentarz z preferowanym typem produktu w koszyku lub wiadomości dla shoppera (np. “prosze o pomidory polskie”).Dystrybutor:Jeronimo Martins Polska S.A.Żniwna 5 62-025 Kostrzyn PLImporter:Jeronimo Martins Polska S.A.Żniwna 5 62-025 Kostrzyn PLNazwa wymagana prawnie:Drażetki o smaku owoców yuzu, mandarynki, cytryny oraz cytryny-limetki Tic Tac 18g"}], "images": ["data/images/64ae2f07c1e0a3e14953cbc3f1a37251.jpg"], "absolute_path": "Artykuły spożywcze/Słodycze/Cukierki/Produkt 5"}
{"name": "Produkt 1", "url": "https://zakupy.biedronka.pl/nimm2-nimm2-smiejzelki-owocowe-145-g-0000001831.html", "title": "nimm2 Śmiejżelki Owocowe 145 g", "brand": "Nimm2", "price": "5.69 PLN", "packaging_details": "0.145kg- 39,24 zł / kg", "description_sections": [{"header": "Opis produktu", "content": "Nimm2 Śmiejżelki to żelki z sokiem owocowym wzbogacone witaminami.  W każdej torebce znajduje się wiele owocowych smaków w różnych kształtach. Dzięki temu dzieci uwielbiają układać z nich wesołe postacie."}, {"header": "Składniki i alergeny", "content": "Składniki:Składniki: syrop glukozowy, cukier, żelatyna, sok winogronowy (5 %) z zagęszczonego soku z winogron, kwasy ( kwas cytrynowy, kwas mlekowy), aromaty, koncentraty (czarna marchew, spirulina), niacyna, witamina E, kwas pantotenowy, wyciąg z kurkumy, witamina B6, biotyna, witamina B12, substancja glazurująca: wosk carnauba.Może zawierać takżemleko."}, {"header": "Pozostałe informacje", "content": "Kraj pochodzenia:NiemcyKraj pochodzenia zależy od konkretnej partii produktu jaka znajduje się w sklepie. Informację o kraju pochodzenia znajdziesz na opakowaniu. Możesz również dodać komentarz z preferowanym typem produktu w koszyku lub wiadomości dla shoppera (np. “prosze o pomidory polskie”).Dystrybutor:Jeronimo Martins Polska S.A.Żniwna 5 62-025 Kostrzyn PLImporter:Jeronimo Martins Polska S.A.Żniwna 5 62-025 Kostrzyn PLNazwa wymagana prawnie:Żelki owocowe wzbogacone witaminami"}], "images": ["data/images/288cca6d3baabad212425abd734d7c87.jpg"], "absolute_path": "Artykuły spożywcze/Słodycze/Żelki/Produkt 1"}
{"name": "Produkt 11", "url": "https://zakupy.biedronka.pl/tic-tac-tic-tac-orange-18-g-0000001668.html", "title": "Tic Tac Orange 18 g", "brand": "Tic Tac", "price": "2.49 PLN", "packaging_details": "0.018kg- 138,33 zł / kg", "description_sections": [{"header": "Opis produktu", "content": "Drażetki o smaku pomarańczowym"}, {"header": "Składniki i alergeny", "content": "Składniki:cukier, maltodekstryny, kwas (kwas winowy), skrobia ryżowa, aromaty, substancja zagęszczająca (guma arabska), substancja przeciwzbrylająca (sole magnezowe kwasów tłuszczowych), przeciwutleniacz (kwas askorbinowy), substancja glazurująca (wosk carnauba)."}, {"header": "Pozostałe informacje", "content": "Kraj pochodzenia:IrlandiaKraj pochodzenia zależy od konkretnej partii produktu jaka znajduje się w sklepie. Informację o kraju pochodzenia znajdziesz na opakowaniu. Możesz również dodać komentarz z preferowanym typem produktu w koszyku lub wiadomości dla shoppera (np. “prosze o pomidory polskie”).Dystrybutor:Jeronimo Martins Polska S.A.Żniwna 5 62-025 Kostrzyn PLImporter:Jeronimo Martins Polska S.A.Żniwna 5 62-025 Kostrzyn PLNazwa wymagana prawnie:Drażetki o smaku pomarańczowym Tic Tac 18g"}], "images": ["data/images/b9567ce04ed313479fc92b506c9ece80.jpg"], "absolute_path": "Artykuły spożywcze/Słodycze/Cukierki/Produkt 11"}
{"name": "Produkt 2", "url": "https://zakupy.biedronka.pl/candi-candi-zelki-nadziewane-kable-o-smaku-brzoskwiniowym-150-g-0000005082.html", "title": "Candi Żelki nadziewane kable o smaku brzoskwiniowym 150 g", "brand": "Candi", "price": "3.99 PLN", "packaging_details": "0.15kg- 26,60 zł / kg", "description_sections": [{"header": "Składniki i alergeny", "content": "Składniki:Cukier, mąkapszenna, syrop glukozowy, woda, zagęszczony sok winogronowy 3,7%, oleje roślinne (shea, kokosowy), substancja glazurująca (szelak), regulator kwasowości (kwas cytrynowy, cytryniany sodu), substancja utrzymująca wilgoć (glicerol, aromat naturalny, koncentrat soku z marchwi, żelatyna, emulgator (mono- i diglicerydy kwasów tłuszczowych). 3,7% zagęszczonego soku owocowego odpowiada 15% soku owocowego.Alergeny:Zboża zawierajace gluten, \n\nPszenica i produkty z pszenicyInne informacje o zawartości produktu:Zawiera surowce GMO:Nie, \n\nInformacje szczegółowe dotyczące środków słodzących:zawiera syrop glukozowy lub glukozowo-fruktozowy, zawiera cukier (cukry) i substancję słodzącą"}, {"header": "Wartość odżywcza", "content": "W 100 gWartość energetyczna kcal369 kcalZawartość tłuszczów (ogólnie)2.4 gKwasy tłuszczowe nasycone1.4 gZawartość węglowodanów82 gCukry62 gZawartość błonnika1.7 gZawartość białek2.9 gZawartość soli0.28 g"}, {"header": "Pozostałe informacje", "content": "Producent:The Candy Plus Sweet Factory, s.r.o.Dystrybutor:Jeronimo Martins Polska S.A.Żniwna 5 62-025 KostrzynImporter:Jeronimo Martins Polska S.A.Żniwna 5 62-025 Kostrzyn PLNazwa wymagana prawnie:Żelki o smaku brzoskwiniowym z nadzieniem cukrowym"}], "images": ["data/images/8598bac2d04638aa6f6ec9943b1fcbdd.jpg", "data/images/51f63bfea461e11496259c0a51149a32.jpg"], "absolute_path": "Artykuły spożywcze/Słodycze/Żelki/Produkt 2"}
{"name": "Produkt 3", "url": "https://zakupy.biedronka.pl/candi-candi-zelki-nadziewane-kable-o-smaku-truskawkowym-150-g-0000005083.html", "title": "Candi Żelki nadziewane kable o smaku truskawkowym 150 g", "brand": "Candi", "price": "3.99 PLN", "packaging_details": "0.15kg- 26,60 zł / kg", "description_sections": [{"header": "Składniki i alergeny", "content": "Składniki:Cukier, mąkapszenna, syrop glukozowy, woda, zagęszczony sok winogronowy (3,7%), oleje roślinne: kokosowy, shea; regulator kwasowości: kwas cytrynowy, cytryniany sodu; substancja utrzymująca wilgoć: glicerol; naturalny aromat, koncentrat soku z czarnej marchwi, żelatyna, emulgator mono- i doglicerydy kwasów tłuszczowych, substancja glazurującaL szelak. 3,7% zagęszczonego soku owocowego odpowiada 15% soku owocowego.Alergeny:Zboża zawierajace gluten, \n\nPszenica i produkty z pszenicyInne informacje o zawartości produktu:Zawiera surowce GMO:Nie, \n\nInformacje szczegółowe dotyczące środków słodzących:zawiera cukier (cukry) i substancję słodzącą, zawiera syrop glukozowy lub glukozowo-fruktozowy"}, {"header": "Wartość odżywcza", "content": "W 100 gWartość energetyczna kcal354 kcalZawartość tłuszczów (ogólnie)2.5 gKwasy tłuszczowe nasycone1.6 gZawartość węglowodanów80 gCukry63 gZawartość błonnika0.5 gZawartość białek1.9 gZawartość soli0.16 g"}, {"header": "Pozostałe informacje", "content": "Producent:The Candy Plus Sweet Factory, s.r.o.Dystrybutor:Jeronimo Martins Polska S.A.Żniwna 5 62-025 KostrzynImporter:Jeronimo Martins Polska S.A.Żniwna 5 62-025 Kostrzyn PLNazwa wymagana prawnie:Żelki o smaku truskawkowym z nadzieniem cukrowym"}], "images": ["data/images/9d6f8cea1b83fbd603e674b4070407e6.jpg", "data/images/ab1c8c2a28090c2d32d9a543ae94c922.jpg", "data/images/766b49ccb9635302130c2b62cf4b0d34.jpg"], "absolute_path": "Artykuły spożywcze/Słodycze/Żelki/Produkt 3"}
{"name": "Produkt 10", "url": "https://zakupy.biedronka.pl/orbit-orbit-spearmint-mints-cukierki-bez-cukru-16-szt.-28-g-0000004431.html", "title": "Orbit Spearmint Mints Cukierki bez cukru (16 szt.) 28 g", "brand": "Orbit", "price": "2.99 PLN", "packaging_details": "0.028kg- 106,79 zł / kg", "description_sections": [{"header": "Opis produktu", "content": "Zróżnicowana, zbilansowana dieta i zdrowy tryb życia są ważne."}, {"header": "Składniki i alergeny", "content": "Składniki:substancje słodzące sorbitol, aspartam, acesulfam K,substancja przeciwzbrylająca E470b,aromatyInne informacje o zawartości produktu:Smaki / Aromaty:Zawiera, \n\nSubstancje słodzące:Zawiera"}, {"header": "Wartość odżywcza", "content": "W 100 gWartość energetyczna244 kcalTłuszcz1.2 gw tym kwasy tłuszczowe nasycone1.2 gWęglowodany97 gw tym cukry0 gw tym poliole97 gBiałko0 gSól0 g"}, {"header": "Pozostałe informacje", "content": "Producent:Mars Polska Sp. z o.o.,\nKożuszki-Parcel 42,\n96-500 Sochaczew,\nPolska\n800 800 131Importer:Wrigley Poland Sp. z o.o.Obodrzycka 69 61-249 Poznań PLNazwa wymagana prawnie:Bezcukrowe cukierki zawierają substancje słodzące o smaku miętowym."}], "images": ["data/images/c3ee25d26ce50c1bfd78fdee4ed47dee.jpg"], "absolute_path": "Artykuły spożywcze/Słodycze/Cukierki/Produkt 10"}
{"name": "Produkt 6", "url": "https://zakupy.biedronka.pl/zozole-zozole-rainbow-teczowe-zelki-o-smaku-owocowym-super-kwasne-75-g-0000011797.html", "title": "Zozole Rainbow Tęczowe żelki o smaku owocowym super kwaśne 75 g", "brand": "Zozole", "price": "2.99 PLN", "packaging_details": "0.075kg- 39,87 zł / kg", "description_sections": [{"header": "Opis produktu", "content": "Subrand:Hello Żelo"}, {"header": "Składniki i alergeny", "content": "Składniki:cukier,sok jabłkowy z zagęszczonego soku jabłkowego (25 %),syrop glukozowy,mąkapszenna,tłuszcz rośliny (palmowy, shea),regulatory kwasowości: kwas jabłkowy, kwas cytrynowy, cytryniany sodu,aromaty,koncentrat soku z czarnej marchwi,barwniki: kurkumina, błękit brylantowy FCF, ekstrakt z papryki,emulgator: E 471Alergeny:Zawiera PszenicaInne informacje o zawartości produktu:Barwniki:Zawiera, \n\nSmaki / Aromaty:Zawiera, \n\nSyrop glukozowy lub glukozowo-fruktozowy:Zawiera"}, {"header": "Wartość odżywcza", "content": "W 100 gWartość energetyczna368 kcalTłuszcz3 gw tym kwasy tłuszczowe nasycone1.3 gWęglowodany81 gw tym cukry52 gBiałko2.4 gSól0.01 g"}, {"header": "Pozostałe informacje", "content": "Producent:Mieszko S.A.\nAleje Jerozolimskie 181,\n02-222 Warszawa,\nPolskaImporter:MIESZKO S.A.ALEJE JEROZOLIMSKIE 181 02-222 WARSZAWA PLsales@mieszko.com.plNazwa wymagana prawnie:Zozole Hello Żelo Rainbow Tęczowe żelki o smaku owocowym super kwaśne 75 g"}], "images": ["data/images/5e6d227c538f18945859c1f1fd51e18b.jpg"], "absolute_path": "Artykuły spożywcze/Słodycze/Żelki/Produkt 6"}
{"name": "Produkt 5", "url": "https://zakupy.biedronka.pl/nimm2-nimm2-smiejzelki-kwasne-145-g-0000001830.html", "title": "nimm2 Śmiejżelki Kwaśne 145 g", "brand": "Nimm2", "price": "5.69 PLN", "packaging_details": "0.145kg- 39,24 zł / kg", "description_sections": [{"header": "Opis produktu", "content": "Nimm2 Śmiejżelki to żelki z sokiem owocowym wzbogacone witaminami. Występują w wariancie owocowym, kwaśnym, tropikalnym, jogurtowym i owocowo-jogurtowym. W każdej torebce znajduje się wiele owocowych smaków w różnych kształtach."}, {"header": "Składniki i alergeny", "content": "Składniki:Składniki: cukier, syrop glukozowy, sok winogronowy (5 %) z zagęszczonego soku z winogron, żelatyna, kwasy (kwas jabłkowy, kwas cytrynowy, kwas mlekowy), skrobia modyfikowana, substancja utrzymująca wilgoć: sorbitole, regulator kwasowości: jabłczany sodu, aromaty, koncentraty (czarna marchew, spirulina), niacyna, witamina E, kwas pantotenowy, witamina B6, wyciąg z kurkumy, biotyna, witamina B12.Może zawierać takżemleko."}, {"header": "Pozostałe informacje", "content": "Kraj pochodzenia:NiemcyKraj pochodzenia zależy od konkretnej partii produktu jaka znajduje się w sklepie. Informację o kraju pochodzenia znajdziesz na opakowaniu. Możesz również dodać komentarz z preferowanym typem produktu w koszyku lub wiadomości dla shoppera (np. “prosze o pomidory polskie”).Dystrybutor:Jeronimo Martins Polska S.A.Żniwna 5 62-025 Kostrzyn PLImporter:Jeronimo Martins Polska S.A.Żniwna 5 62-025 Kostrzyn PLNazwa wymagana prawnie:Żelki owocowe wzbogacone witaminami"}], "images": ["data/images/e5f5fbb1aec319b24d90f0816b072065.jpg"], "absolute_path": "Artykuły spożywcze/Słodycze/Żelki/Produkt 5"}
{"name": "Produkt 8", "url": "https://zakupy.biedronka.pl/zozole-zozole-hello-zelki-o-smaku-coli-super-kwasne-75-g-0000011796.html", "title": "Zozole Hello Żelki o smaku coli super kwaśne 75 g", "brand": "Zozole", "price": "2.99 PLN", "packaging_details": "0.075kg- 39,87 zł / kg", "description_sections": [{"header": "Składniki i alergeny", "content": "Składniki:cukier,sok jabłkowy z zagęszczonego soku jabłkowego (25 %),syrop glukozowy,mąkapszenna,tłuszcz rośliny (palmowy, shea),regulatory kwasowości: kwas jabłkowy, kwas cytrynowy, cytryniany sodu,aromat,barwnik: karmel amoniakalno-siarczynowy,emulgator: E 471Alergeny:Zawiera PszenicaInne informacje o zawartości produktu:Barwniki:Zawiera, \n\nSmaki / Aromaty:Zawiera, \n\nSyrop glukozowy lub glukozowo-fruktozowy:Zawiera"}, {"header": "Wartość odżywcza", "content": "W 100 gWartość energetyczna365 kcalTłuszcz2.1 gw tym kwasy tłuszczowe nasycone1 gWęglowodany84 gw tym cukry52 gBiałko2.3 gSól0.4 g"}, {"header": "Pozostałe informacje", "content": "Producent:Mieszko S.A.\nAleje Jerozolimskie 181\n02-222 Warszawa,\nPolskaImporter:MIESZKO S.A.ALEJE JEROZOLIMSKIE 181 02-222 WARSZAWA PLsales@mieszko.com.plNazwa wymagana prawnie:Zozole Hello Żelo Żelki o smaku coli super kwaśne 75 g"}], "images": ["data/images/aa0f77eabb5400eeb5aaf0aa78851413.jpg"], "absolute_path": "Artykuły spożywcze/Słodycze/Żelki/Produkt 8"}
{"name": "Produkt 4", "url": "https://zakupy.biedronka.pl/haribo-haribo-zelki-owocowe-balla-stixx-malina-jezyna-200-g-0000006317.html", "title": "Haribo Żelki owocowe Balla Stixx malina-jeżyna 200 g", "brand": "Haribo", "price": "7.99 PLN", "packaging_details": "0.2kg- 47,00 zł / kg", "description_sections": [{"header": "Opis produktu", "content": "HARIBO Balla-Stixx Malina\\Jeżyna to długie i giętkie żelki w kształcie kabelków ze słodkim, cukrowym wypełnieniem o smaku soczystej maliny i jeżyny. Nietypowy format sprawia, że żelki Balla-Stixx wyraźnie odróżniają się od reszty asortymentu Haribo (i nie tylko). Swój intensywny kolor i niezrównany smak Haribo Balla-Stixx Malina\\Jeżyna zawdzięczają wyłącznie naturalnym sokom owocowo-roślinnym.Balla Stixx potocznie nazywane „kabelkami” to idealne rozwiązanie dla fanów owocowych żelków Haribo, którzy chcą długo cieszyć się ich smakiem."}, {"header": "Składniki i alergeny", "content": "Składniki:cukier; syrop glukozowo-fruktozowy; mąkapszenna; woda; dekstroza; skrobiapszenna; tłuszcz palmowy; substancja utrzymująca wilgoć: sorbitole; żelatyna; kwas: kwas cytrynowy; emulgator: mono i diglicerydy kwasów tłuszczowych; aromat; koncentraty owocowe i roślinne : czarna porzeczka, czarny bez, aronia, winogrona; ekstrakt z owoców czarnego bzu; barwnik: indygotyna; substancja glazurująca: wosk pszczeli biały i żółty, wosk carnauba.Alergeny:Zboża zawierajace gluten, \n\nPszenica i produkty z pszenicyInne informacje o zawartości produktu:Zawiera surowce GMO:Nie, \n\nOsłonka niejadalna:Nie, \n\nZawiera lukrecję:Nie, \n\nZawiera chininę:Nie, \n\nZawiera taurynę:Nie, \n\nZawiera przeciwutleniacze:Nie, \n\nZawiera wzmacniacze smaku:Nie, \n\nZawiera fosforany:Nie, \n\nZawiera barwniki:Tak, \n\nZawiera substancje konserwujące:Nie, \n\nZawiera kofeinę:Nie, \n\nŚrodki spozywcze z dodatkiem fitosteroli, estrów fitosteroli, fitostanoli lub estrów fitostanoli:Nie"}, {"header": "Wartość odżywcza", "content": "W 100 gWartość energetyczna kcal369 kcalZawartość tłuszczów (ogólnie)3.6 gKwasy tłuszczowe nasycone2.2 gZawartość węglowodanów81 gCukry62 gZawartość białek2.6 gZawartość soli0.08 g"}, {"header": "Pozostałe informacje", "content": "Kraj pochodzenia:HiszpaniaKraj pochodzenia zależy od konkretnej partii produktu jaka znajduje się w sklepie. Informację o kraju pochodzenia znajdziesz na opakowaniu. Możesz również dodać komentarz z preferowanym typem produktu w koszyku lub wiadomości dla shoppera (np. “prosze o pomidory polskie”).Producent:HARIBO sp. z o.o.Importer:Haribo Sp. z o.o.ul. Aleje Jerozolimskie 142B 02-305 Warszawa PLmagdalena.kosior@haribo.comNazwa wymagana prawnie:Żelki owocowe"}], "images": ["data/images/91593b710520f4d7e8536093c89633a1.jpg", "data/images/bfe2cbcfec262d1a97c2f0171589563f.jpg", "data/images/af3dbfdccfa6e9c2a59f6541df50e05a.jpg"], "absolute_path": "Artykuły spożywcze/Słodycze/Żelki/Produkt 4"}
{"name": "Produkt 7", "url": "https://zakupy.biedronka.pl/candi-candi-zelki-o-smaku-coli-200-g-0000019151.html", "title": "Candi Żelki o smaku coli 200 g", "brand": "Candi", "price": "4.99 PLN", "packaging_details": "0.2kg- 24,95 zł / kg", "description_sections": [{"header": "Składniki i alergeny", "content": "Składniki:syrop glukozowy, cukier, żelatyna, woda, regulator kwasowości: kwas cytrynowy; syrop cukru karmelizowanego, naturalny aromat, substancja glazurująca: wosk carnauba.Inne informacje o zawartości produktu:Zawiera surowce GMO:Nie, \n\nInformacje szczegółowe dotyczące środków słodzących:zawiera syrop glukozowy lub glukozowo-fruktozowy, \n\nZawiera barwniki:Nie, \n\nZawiera aromaty:Tak"}, {"header": "Wartość odżywcza", "content": "W 100 gWartość energetyczna kcal334 kcalZawartość tłuszczów (ogólnie)0 gKwasy tłuszczowe nasycone0 gZawartość węglowodanów76 gCukry45 gZawartość błonnika0 gZawartość białek6.7 gZawartość soli0.03 g"}, {"header": "Pozostałe informacje", "content": "Dystrybutor:Jeronimo Martins Polska S.A.Żniwna 5 62-025 Kostrzyn PLImporter:Jeronimo Martins Polska S.A.Żniwna 5 62-025 Kostrzyn PLNazwa wymagana prawnie:Żelki o smaku coli"}], "images": ["data/images/c1ecb4ef08dec3a8986983d3a5c63989.jpg"], "absolute_path": "Artykuły spożywcze/Słodycze/Żelki/Produkt 7"}
{"name": "Produkt 9", "url": "https://zakupy.biedronka.pl/haribo-haribo-zelki-owocowe-tropifrutti-85-g-0000015080.html", "title": "Haribo Żelki owocowe Tropifrutti 85 g", "brand": "Haribo", "price": "3.49 PLN", "packaging_details": "85g- 41,06 zł / kg", "description_sections": [{"header": "Opis produktu", "content": "Tropikalne smakiAnanasGranatMandarynkaWieloowocowyMarakujaBananArbuz"}, {"header": "Składniki i alergeny", "content": "Składniki:cukier,syrop glukozowy,żelatyna,kwas: kwas cytrynowy,koncentraty owocowe i roślinne: krokosz, spirulina, jabłko, marchew, borówka, czarny bez, czarna porzeczka, pomarańcza, kiwi, cytryna, aronia, mango, marakuja, winogrona,aromaty,ekstrakt owocu czarnego bzu,substancja glazurująca: wosk pszczeli, biały i żółty,wosk carnauba,syrop karmelowy,syrop z cukru inwertowanegoAlergeny:Może zawierać Mleko, \n\nMoże zawierać PszenicaInne informacje o zawartości produktu:Barwniki sztuczne:Nie zawiera"}, {"header": "Wartość odżywcza", "content": "W 100 gWartość energetyczna349 kcalTłuszcz0.5 gw tym kwasy tłuszczowe nasycone0.1 gWęglowodany82 gw tym cukry63 gBiałko4.5 gSól0.03 g"}, {"header": "Pozostałe informacje", "content": "Kraj pochodzenia:HungaryKraj pochodzenia zależy od konkretnej partii produktu jaka znajduje się w sklepie. Informację o kraju pochodzenia znajdziesz na opakowaniu. Możesz również dodać komentarz z preferowanym typem produktu w koszyku lub wiadomości dla shoppera (np. “prosze o pomidory polskie”).Producent:HARIBO sp. z o.o.Dystrybutor:HARIBO Sp. z o.o.Aleje Jerozolimskie 142B 02-305 WarszawaNazwa wymagana prawnie:Żelki owocowe"}], "images": ["data/images/b5ed911d6d592fda8eb7b42afff124af.jpg"], "absolute_path": "Artykuły spożywcze/Słodycze/Żelki/Produkt 9"}
{"name": "Produkt 2", "url": "https://zakupy.biedronka.pl/biedronka-biedronka-orzechy-laskowe-w-czekoladzie-mlecznej-200-g-0000005816.html", "title": "Biedronka Orzechy laskowe w czekoladzie mlecznej 200 g", "brand": "Biedronka", "price": "11.99 PLN", "packaging_details": "0.14kg- 79,93 zł / kg", "description_sections": [{"header": "Składniki i alergeny", "content": "Składniki:Czekoladamleczna(74,5%) [cukier, tłuszcz kakaowy,mlekoodtłuszczone w proszku, miazga kakaowa, tłuszczmleczny, emulgatory: lecytyny (zsoi), polirycynooleinian poliglicerolu; aromat],orzechylaskoweprażone (25%), cukier, syrop glukozowy, tłuszcz roślinny (kokosowy), skrobia modyfikowana (kukurydziana), substancje glazurujące (szelak, guma arabska). Masa kakaowa w czekoladziemlecznejminimum 25%. Produkt może zawierać zboża zawierające gluten, nasionasezamu,dwutlenek siarki, orzeszkiarachidoweiorzechy,Alergeny:Mleko i produkty pochodne (łącznie z laktozą), \n\nSoja i produkty pochodne, \n\nOrzechy, \n\nOrzechy laskowe i produkty z orzechów laskowychInne informacje o zawartości produktu:Zawiera surowce GMO:Nie, \n\nInformacje szczegółowe dotyczące środków słodzących:zawiera cukier (cukry) i substancję słodzącą, zawiera syrop glukozowy lub glukozowo-fruktozowy"}, {"header": "Wartość odżywcza", "content": "W 100 gWartość energetyczna kcal552 kcalZawartość tłuszczów (ogólnie)35 gKwasy tłuszczowe nasycone13 gZawartość węglowodanów51 gCukry50 gZawartość błonnika5.5 gZawartość białek7.1 gZawartość soli0.01 g"}, {"header": "Pozostałe informacje", "content": "Dystrybutor:Jeronimo Martins Polska S.A.Żniwna 5 62-025 KostrzynNazwa wymagana prawnie:Orzechy laskowe prażone w czekoladzie mlecznej"}], "images": ["data/images/2e1288a1016c51535fb6c0e9378f46cf.jpg", "data/images/d11bbff4de577894f82075d83df62ba3.jpg", "data/images/96fcd92c433f55de76d4c0de7eb3e934.jpg"], "absolute_path": "Artykuły spożywcze/Słodycze/Orzeszki w czekoladzie/Produkt 2"}
{"name": "Produkt 1", "url": "https://zakupy.biedronka.pl/biedronka-biedronka-migdaly-w-czekoladzie-mlecznej-z-cynamonem-200-g-0000005814.html", "title": "Biedronka Migdały w czekoladzie mlecznej z cynamonem 200 g", "brand": "Biedronka", "price": "11.99 PLN", "packaging_details": "0.15kg- 79,93 zł / kg", "description_sections": [{"header": "Składniki i alergeny", "content": "Składniki:Czekoladamleczna(73%) [cukier, tłuszcz kakaowy,mlekoodtłuszczone w proszku, miazga kakaowa, tłuszczmleczny, emulgatory: lecytyny (zsoi), polirycynooleinian poliglicerolu; aromat],migdałyprażone (25%0, cynamon (2%). Masa kakaowa w czekoladziemlecznejminimum 25%. Produkt może zawierać zboża zawierające gluten, nasionasezamu,dwutlenek siarkiorzeszkiarachidoweiorzechy.Alergeny:Mleko i produkty pochodne (łącznie z laktozą), \n\nSoja i produkty pochodne, \n\nOrzechy, \n\nMigdały i produkty z migdałamiInne informacje o zawartości produktu:Zawiera surowce GMO:Nie, \n\nInformacje szczegółowe dotyczące środków słodzących:zawiera cukier (cukry) i substancję słodzącą"}, {"header": "Wartość odżywcza", "content": "W 100 gWartość energetyczna kcal544 kcalZawartość tłuszczów (ogólnie)34 gKwasy tłuszczowe nasycone13 gZawartość węglowodanów50 gCukry46 gZawartość błonnika1.4 gZawartość białek9.6 gZawartość soli0.15 g"}, {"header": "Pozostałe informacje", "content": "Dystrybutor:Jeronimo Martins Polska S.A.Żniwna 5 62-025 KostrzynNazwa wymagana prawnie:Migdały prażone w czekoladzie mlecznej z cynamonem"}], "images": ["data/images/ed04ee4cfc1ef5b6838e1e0d2f5021a9.jpg", "data/images/98c9b13eff3d9e0fb3ad0989add36680.jpg", "data/images/ee27da3b0cad321443bf0964018c5095.jpg"], "absolute_path": "Artykuły spożywcze/Słodycze/Orzeszki w czekoladzie/Produkt 1"}
{"name": "Produkt 10", "url": "https://zakupy.biedronka.pl/haribo-haribo--zelki-owocowe-balla-stixx-malina-jezyna-170-g-0000006318.html", "title": "Haribo  Żelki owocowe Balla Stixx malina-jeżyna 170 g", "brand": "Haribo", "price": "7.99 PLN", "packaging_details": "0.17kg- 47,00 zł / kg", "description_sections": [{"header": "Opis produktu", "content": "HARIBO Balla-Stixx Malina\\Jeżyna to długie i giętkie żelki w kształcie kabelków ze słodkim, cukrowym wypełnieniem o smaku soczystej maliny i jeżyny. Nietypowy format sprawia, że żelki Balla-Stixx wyraźnie odróżniają się od reszty asortymentu Haribo (i nie tylko). Swój intensywny kolor i niezrównany smak Haribo Balla-Stixx Malina\\Jeżyna zawdzięczają wyłącznie naturalnym sokom owocowo-roślinnym.Balla Stixx potocznie nazywane „kabelkami” to idealne rozwiązanie dla fanów owocowych żelków Haribo, którzy chcą długo cieszyć się ich smakiem."}, {"header": "Składniki i alergeny", "content": "Składniki:cukier; syrop glukozowo-fruktozowy; mąkapszenna; woda; dekstroza; skrobiapszenna; tłuszcz palmowy; substancja utrzymująca wilgoć: sorbitole; żelatyna; kwas: kwas cytrynowy; emulgator: mono i diglicerydy kwasów tłuszczowych; aromat; koncentraty owocowe i roślinne : czarna porzeczka, czarny bez, aronia, winogrona; ekstrakt z owoców czarnego bzu; barwnik: indygotyna; substancja glazurująca: wosk pszczeli, biały i żółty, wosk carnauba.Alergeny:Zboża zawierajace gluten, \n\nPszenica i produkty z pszenicyInne informacje o zawartości produktu:Zawiera surowce GMO:Nie, \n\nOsłonka niejadalna:Nie, \n\nZawiera lukrecję:Nie, \n\nZawiera chininę:Nie, \n\nZawiera taurynę:Nie, \n\nZawiera przeciwutleniacze:Nie, \n\nZawiera wzmacniacze smaku:Nie, \n\nZawiera fosforany:Nie, \n\nZawiera barwniki:Tak, \n\nZawiera substancje konserwujące:Nie, \n\nZawiera kofeinę:Nie, \n\nŚrodki spozywcze z dodatkiem fitosteroli, estrów fitosteroli, fitostanoli lub estrów fitostanoli:Nie"}, {"header": "Wartość odżywcza", "content": "W 100 gWartość energetyczna kcal369 kcalZawartość tłuszczów (ogólnie)3.6 gKwasy tłuszczowe nasycone2.2 gZawartość węglowodanów81 gCukry62 gZawartość białek2.6 gZawartość soli0.08 g"}, {"header": "Pozostałe informacje", "content": "Kraj pochodzenia:HiszpaniaKraj pochodzenia zależy od konkretnej partii produktu jaka znajduje się w sklepie. Informację o kraju pochodzenia znajdziesz na opakowaniu. Możesz również dodać komentarz z preferowanym typem produktu w koszyku lub wiadomości dla shoppera (np. “prosze o pomidory polskie”).Producent:Haribo España S.A.U.\nCtra. Girona-Banyoles, km 14\nE-17844 Cornellà del TerriDystrybutor:HARIBO Sp. z o.o.Aleje Jerozolimskie 142B 02-305 WarszawaImporter:Haribo Sp. z o.o.ul. Aleje Jerozolimskie 142B 02-305 Warszawa PLmagdalena.kosior@haribo.comNazwa wymagana prawnie:Żelki owocowe"}], "images": ["data/images/607940bc0f2f7be7aef0cf1e0a84f3e7.jpg", "data/images/f18cd013128248d408e8f61ef5600db6.jpg", "data/images/4bb719e9b15691332a4308b72a9c38fb.jpg", "data/images/3de9715153e3678e8a860d5dd1c86d36.jpg"], "absolute_path": "Artykuły spożywcze/Słodycze/Żelki/Produkt 10"}
{"name": "Produkt 11", "url": "https://zakupy.biedronka.pl/haribo-haribo-zelki-happy-cola-85-g-0000015079.html", "title": "Haribo Żelki Happy Cola 85 g", "brand": "Haribo", "price": "3.49 PLN", "packaging_details": "85g- 41,06 zł / kg", "description_sections": [{"header": "Opis produktu", "content": "Żelki o smaku coli."}, {"header": "Składniki i alergeny", "content": "Składniki:syrop glukozowy; cukier; żelatyna; dekstroza; regulator kwasowości: kwas cytrynowy; barwniki: karmelizowany syrop cukrowy; aromaty; substancja glazurująca: wosk pszczeli, biały i żółty; wosk carnauba.Inne informacje o zawartości produktu:Zawiera surowce GMO:Nie, \n\nZawiera barwniki:Tak"}, {"header": "Wartość odżywcza", "content": "W 100 gWartość energetyczna kcal343 kcalZawartość tłuszczów (ogólnie)0.5 gKwasy tłuszczowe nasycone0.1 gZawartość węglowodanów77 gCukry46 gZawartość białek6.9 gZawartość soli0.07 g"}, {"header": "Pozostałe informacje", "content": "Kraj pochodzenia:WęgryKraj pochodzenia zależy od konkretnej partii produktu jaka znajduje się w sklepie. Informację o kraju pochodzenia znajdziesz na opakowaniu. Możesz również dodać komentarz z preferowanym typem produktu w koszyku lub wiadomości dla shoppera (np. “prosze o pomidory polskie”).Dystrybutor:Haribo Sp. z o.o.ul. Aleje Jerozolimskie 142B 02-305 Warszawamagdalena.kosior@haribo.comNazwa wymagana prawnie:Żelki o smaku coli"}], "images": ["data/images/7fd7845103b9dfe19500e4e1babfc204.jpg", "data/images/28b6d8c231187b83d4cc82dcec796daa.jpg"], "absolute_path": "Artykuły spożywcze/Słodycze/Żelki/Produkt 11"}
{"name": "Produkt 4", "url": "https://zakupy.biedronka.pl/orbit-orbit-strawberry-bezcukrowa-guma-do-zucia-21-szt.-29-g-0000014833.html", "title": "Orbit Strawberry Bezcukrowa guma do żucia (21 szt.) 29 g", "brand": "Orbit", "price": "4.99 PLN", "packaging_details": "0.029kg- 172,07 zł / kg", "description_sections": [{"header": "Opis produktu", "content": "Żuj po jedzeniu i piciu przez co najmniej 20 minut.Zróżnicowana, zbilansowana dieta i zdrowy tryb życia są ważne.Subrand:Orbit"}, {"header": "Składniki i alergeny", "content": "Składniki:substancje słodzące (ksylitol, sorbitol, mannitol, aspartam, acesulfam K),baza gumowa,substancja zagęszczająca (guma arabska),substancja utrzymująca wilgoć (glicerol),kwas (kwas cytrynowy),emulgator (lecytyna sojowa),kwas (kwas jabłkowy),aromaty,substancja glazurująca (wosk carnauba),przeciwutleniacz (BHA)Alergeny:Zawiera SojaInne informacje o zawartości produktu:Przeciwutleniacze:Zawiera, \n\nSmaki / Aromaty:Zawiera, \n\nSubstancje słodzące:Zawiera"}, {"header": "Wartość odżywcza", "content": "W 100 gWartość energetyczna167 kcalTłuszcz0 gw tym kwasy tłuszczowe nasycone0 gWęglowodany68 gw tym cukry0 gw tym poliole68 gBiałko0 gSól0 g"}, {"header": "Pozostałe informacje", "content": "Producent:Mars Polska Sp. z o.o.,\nKożuszki-Parcel 42,\n96-500 Sochaczew,\nPolska\n800 800 131Nazwa wymagana prawnie:Bezcukrowa guma do żucia o smaku truskawkowym, zawierająca substancje słodzące."}], "images": ["data/images/906f0692362e0a6e394e7e29d4592ae5.jpg"], "absolute_path": "Artykuły spożywcze/Słodycze/Gumy do żucia/Produkt 4"}
{"name": "Produkt 2", "url": "https://zakupy.biedronka.pl/orbit-orbit-white-xxl-freshmint-bezcukrowa-guma-do-zucia-50-g-36-sztuk-0000008688.html", "title": "Orbit White XXL Freshmint Bezcukrowa guma do żucia 50 g (36 sztuk)", "brand": "Orbit", "price": "7.49 PLN", "packaging_details": "0.058kg- 129,14 zł / kg", "description_sections": [{"header": "Opis produktu", "content": "Żuj po jedzeniu i piciu przez co najmniej 20 minut.Zróżnicowana, zbilansowana dieta i zdrowy tryb życia są ważne.Pomaga usuwać przebarwienia i utrzymać naturalną biel zębów.Subrand:White"}, {"header": "Składniki i alergeny", "content": "Składniki:substancje słodzące (ksylitol, sorbitol, aspartam, mannitol, acesulfam K),baza gumowa,substancja zagęszczająca (guma arabska),aromaty,substancja utrzymująca wilgoć (glicerol),substancja wypełniająca (fosforany wapnia),emulgator (lecytyna sojowa),regulator kwasowości (wodorowęglan sodu),substancja glazurująca (wosk carnauba),przeciwutleniacz (BHA),barwnik (E133)"}, {"header": "Pozostałe informacje", "content": "Dystrybutor:Jeronimo Martins Polska S.A.Żniwna 5 62-025 Kostrzyn PLImporter:Jeronimo Martins Polska S.A.Żniwna 5 62-025 Kostrzyn PLNazwa wymagana prawnie:Bezcukrowa guma do żucia o smaku miętowym zawierająca substancje słodzące."}], "images": ["data/images/264ba0bb46e0ab21f6b1d0837466ad31.jpg"], "absolute_path": "Artykuły spożywcze/Słodycze/Gumy do żucia/Produkt 2"}
{"name": "Produkt 1", "url": "https://zakupy.biedronka.pl/airwaves-airwaves-cool-cassis-xxl-bezcukrowa-guma-do-zucia-50-g-36-sztuk-0000008686.html", "title": "Airwaves Cool Cassis XXL Bezcukrowa guma do żucia 50 g (36 sztuk)", "brand": "Airwaves", "price": "7.49 PLN", "packaging_details": "0.058kg- 129,14 zł / kg", "description_sections": [{"header": "Składniki i alergeny", "content": "Składniki:substancje słodzące (sorbitol, izomalt, syrop maltitolowy, aspartam, mannitol, acesulfam K, sukraloza),baza gumowa,aromaty,substancja utrzymująca wilgoć (glicerol),substancja zagęszczająca (guma arabska),emulgator (lecytyna sojowa),substancja glazurująca (wosk carnauba),barwnik (E163),przeciwutleniacz (BHA)Alergeny:Zawiera SojaInne informacje o zawartości produktu:Przeciwutleniacze:Zawiera, \n\nBarwniki:Zawiera, \n\nSmaki / Aromaty:Zawiera, \n\nSubstancje słodzące:Zawiera"}, {"header": "Wartość odżywcza", "content": "W 100 gWartość energetyczna151 kcalTłuszcz0 gw tym kwasy tłuszczowe nasycone0 gWęglowodany63 gw tym cukry0 gw tym poliole63 gBiałko0 gSól0 g"}, {"header": "Pozostałe informacje", "content": "Producent:Mars Polska Sp. z o.o.,\nKożuszki-Parcel 42,\n96-500 Sochaczew,\nPolska\n800 800 131Dystrybutor:Jeronimo Martins Polska S.A.Żniwna 5 62-025 Kostrzyn PLNazwa wymagana prawnie:Bezcukrowa guma do żucia o smaku mentolowym i czarnej porzeczki zawierająca substancje słodzące."}], "images": ["data/images/0505cf10b8aa4475b157f7e4d6d22de2.jpg"], "absolute_path": "Artykuły spożywcze/Słodycze/Gumy do żucia/Produkt 1"}
{"name": "Produkt 3", "url": "https://zakupy.biedronka.pl/biedronka-biedronka-migdaly-w-czekoladzie-i-czekoladzie-bialej-200-g-0000005815.html", "title": "Biedronka Migdały w czekoladzie i czekoladzie białej 200 g", "brand": "Biedronka", "price": "11.99 PLN", "packaging_details": "0.18kg- 79,93 zł / kg", "description_sections": [{"header": "Składniki i alergeny", "content": "Składniki:Czekolada (35,8%) [cukier, miazga kakaowa, tłuszcz kakaowy, emulgatory: lecytyny (zsoi), polirycynooleinian poliglicerolu; aromat], czekolada biała (35,8%) [cukier, tłuszcz kakaowy,mlekopełne w proszku, serwatka w proszku (zmleka) w proszku, emulgatory: lecytyny (zsoi), polirycynooleinian poliglicerolu; aromat],migdałyprażone 28%, cukier, syrop glukozowy, tłuszcz roślinny (kokosowy), skrobia modyfikowana (kukurydziana, substancje glazurujące (szelak, guma arabska). Masa kakaowa w czekoladzie minimum 45%. Produkt może zawierać zboża zawierające gluten, nasionasezamu,dwutlenek siarki, orzeszkiarachidoweiorzechy.Alergeny:Mleko i produkty pochodne (łącznie z laktozą), \n\nSoja i produkty pochodne, \n\nOrzechy, \n\nMigdały i produkty z migdałamiInne informacje o zawartości produktu:Zawiera surowce GMO:Nie, \n\nInformacje szczegółowe dotyczące środków słodzących:zawiera cukier (cukry) i substancję słodzącą, zawiera syrop glukozowy lub glukozowo-fruktozowy"}, {"header": "Wartość odżywcza", "content": "W 100 gWartość energetyczna kcal548 kcalZawartość tłuszczów (ogólnie)36 gKwasy tłuszczowe nasycone14 gZawartość węglowodanów45 gCukry43 gZawartość błonnika6.6 gZawartość białek9.2 gZawartość soli0.06 g"}, {"header": "Pozostałe informacje", "content": "Dystrybutor:Jeronimo Martins Polska S.A.Żniwna 5 62-025 KostrzynNazwa wymagana prawnie:Migdały prażone w czekoladzie w czekoladzie białej"}], "images": ["data/images/d358ec4277676b490ce88a1a0adffd49.jpg", "data/images/0611ed9c016dc8db6ddd6c2aeb619665.jpg", "data/images/f929e4bd0a2a330f497d42ef54b367ff.jpg"], "absolute_path": "Artykuły spożywcze/Słodycze/Orzeszki w czekoladzie/Produkt 3"}
{"name": "Produkt 3", "url": "https://zakupy.biedronka.pl/orbit-orbit-refreshers-tropical-bezcukrowa-guma-do-zucia-12-szt.-26-g-0000016901.html", "title": "Orbit Refreshers Tropical Bezcukrowa guma do żucia (12 szt.) 26 g", "brand": "Orbit", "price": "4.99 PLN", "packaging_details": "0.026kg- 191,92 zł / kg", "description_sections": [{"header": "Opis produktu", "content": "Bezcukrowa guma do żucia o smaku tropikalnych owoców.Subrand:Refreshers"}, {"header": "Składniki i alergeny", "content": "Składniki:substancje słodzące (ksylitol, sorbitol, mannitol, aspartam, acesulfam K),baza gumowa,substancja utrzymująca wilgoć (glicerol),aromaty,substancja zagęszczająca (guma arabska),kwasy (kwas jabłkowy, kwas cytrynowy),emulgator (lecytyna sojowa),substancja glazurująca (wosk carnauba),przeciwutleniacz (BHA),barwnik (E133)Alergeny:Zawiera SojaInne informacje o zawartości produktu:Przeciwutleniacze:Zawiera, \n\nBarwniki:Zawiera, \n\nSmaki / Aromaty:Zawiera, \n\nSubstancje słodzące:Zawiera"}, {"header": "Wartość odżywcza", "content": "W 100 gWartość energetyczna170 kcalTłuszcz0 gw tym kwasy tłuszczowe nasycone0 gWęglowodany69 gw tym cukry0 gw tym poliole69 gBiałko0 gSól0 g"}, {"header": "Pozostałe informacje", "content": "Producent:Mars Polska Sp. z o.o.,\nKożuszki-Parcel 42,\n96-500 Sochaczew,\nPolska\n800 800 131Importer:Mars Polska Sp. z o.o.Kożuszki Parcel 42 96-500 Sochaczew PLwaw.reception@effem.comNazwa wymagana prawnie:Bezcukrowa guma do żucia o smaku owocowym."}], "images": ["data/images/8a373e2032d16e1ba0dc2fb16d4d2ff5.jpg"], "absolute_path": "Artykuły spożywcze/Słodycze/Gumy do żucia/Produkt 3"}
{"name": "Produkt 5", "url": "https://zakupy.biedronka.pl/orbit-orbit-spearmint-xxl-bezcukrowa-guma-do-zucia-50-g-36-sztuk-0000008687.html", "title": "Orbit Spearmint XXL Bezcukrowa guma do żucia 50 g (36 sztuk)", "brand": "Orbit", "price": "7.49 PLN", "packaging_details": "0.058kg- 129,14 zł / kg", "description_sections": [{"header": "Opis produktu", "content": "Żuj po jedzeniu i piciu przez co najmniej 20 minut.Zróżnicowana, zbilansowana dieta i zdrowy tryb życia są ważne."}, {"header": "Składniki i alergeny", "content": "Składniki:substancje słodzące (sorbitol, ksylitol, aspartam, mannitol, acesulfam K, sukraloza),baza gumowa,substancja utrzymująca wilgoć (glicerol),substancja zagęszczająca (guma arabska),aromaty,emulgator (lecytyna sojowa),substancja glazurująca (wosk carnauba),przeciwutleniacz (BHA)Alergeny:Zawiera SojaInne informacje o zawartości produktu:Przeciwutleniacze:Zawiera, \n\nSmaki / Aromaty:Zawiera, \n\nSubstancje słodzące:Zawiera"}, {"header": "Wartość odżywcza", "content": "W 100 gWartość energetyczna149 kcalTłuszcz0 gw tym kwasy tłuszczowe nasycone0 gWęglowodany62 gw tym cukry0 gw tym poliole62 gBiałko0 gSól0 g"}, {"header": "Pozostałe informacje", "content": "Producent:Mars Polska sp. z o.o.,\nKożuszki-Parcel 42,\n96-500 Sochaczew,\nPolska\n800 800 131Nazwa wymagana prawnie:Bezcukrowa guma do żucia o smaku miętowym zawierająca substancje słodzące."}], "images": ["data/images/01a867a972bf6ce5ee87c0354b5ee2d3.jpg"], "absolute_path": "Artykuły spożywcze/Słodycze/Gumy do żucia/Produkt 5"}
{"name": "Produkt 7", "url": "https://zakupy.biedronka.pl/airwaves-airwaves-menthol-and-eucalyptus-bezcukrowa-guma-do-zucia-21-sztuk-29-g-0001147126.html", "title": "Airwaves Menthol & Eucalyptus Bezcukrowa guma do żucia (21 sztuk) 29 g", "brand": "Airwaves", "price": "4.99 PLN", "packaging_details": "0.029kg- 172,07 zł / kg", "description_sections": [{"header": "Składniki i alergeny", "content": "Składniki:substancje słodzące (sorbitol, izomalt, syrop maltitolowy, aspartam, mannitol, acesulfam K),baza gumowa,substancja glazurująca (węglan wapnia),aromaty,substancja zagęszczająca (guma arabska),emulgator (lecytyna sojowa),substancja utrzymująca wilgoć (glicerol),substancja glazurująca (wosk carnauba),przeciwutleniacz (BHA),barwnik (E141)Alergeny:Zawiera SojaInne informacje o zawartości produktu:Przeciwutleniacze:Zawiera, \n\nBarwniki:Zawiera, \n\nSmaki / Aromaty:Zawiera, \n\nSubstancje słodzące:Zawiera"}, {"header": "Wartość odżywcza", "content": "W 100 gWartość energetyczna143 kcalTłuszcz0 gw tym kwasy tłuszczowe nasycone0 gWęglowodany60 gw tym cukry0 gw tym poliole60 gBiałko0 gSól0 g"}, {"header": "Pozostałe informacje", "content": "Producent:Mars Polska Sp. z o.o.,\nKożuszki-Parcel 42,\n96-500 Sochaczew,\nPolska\n800 800 131Dystrybutor:Jeronimo Martins Polska S.A.Żniwna 5 62-025 Kostrzyn PLImporter:Jeronimo Martins Polska S.A.Żniwna 5 62-025 Kostrzyn PLNazwa wymagana prawnie:Bezcukrowa guma do żucia o smaku mentolowym i eukaliptusowym zawierająca substancje słodzące."}], "images": ["data/images/87799156688be0d8f40c4cc1464a46dc.jpg"], "absolute_path": "Artykuły spożywcze/Słodycze/Gumy do żucia/Produkt 7"}
{"name": "Produkt 8", "url": "https://zakupy.biedronka.pl/orbit-orbit-guma-do-zucia-bez-cukru-blueberry-21-drazetek-29-g-0000011781.html", "title": "Orbit Guma do żucia bez cukru Blueberry (21 drażetek) 29 g", "brand": "Orbit", "price": "4.99 PLN", "packaging_details": "0.028kg- 178,21 zł / kg", "description_sections": [{"header": "Opis produktu", "content": "Rób to, co dodaje Ci błysku"}, {"header": "Składniki i alergeny", "content": "Składniki:substancje słodzące (ksylitol, sorbitol, mannitol, aspartam, acesulfam K), baza gumowa, substancja zagęszczająca (guma arabska), substancja utrzymująca wilgoć (glicerol), kwas (kwas cytrynowy), aromaty, emulgator (lecytyna sojowa), kwas (kwas fumarowy), substancja glazurująca (wosk carnauba), przeciwutleniacz (BHA).Alergeny:Soja i produkty pochodneInne informacje o zawartości produktu:Zawiera surowce GMO:Nie, \n\nInformacje szczegółowe dotyczące środków słodzących:zawiera substancję słodzącą, zawiera aspartam (źródło fenyloalaniny), zawiera źródło fenyloalaniny, \n\nZawiera przeciwutleniacze:Tak, \n\nZawiera aromaty:Tak"}, {"header": "Wartość odżywcza", "content": "W 100 gWartość energetyczna kcal168 kcalZawartość tłuszczów (ogólnie)0 gKwasy tłuszczowe nasycone0 gZawartość węglowodanów70 gCukry0 gAlkohole wielowodorotlenowe - poliole70 gZawartość białek0 gZawartość soli0 g"}, {"header": "Pozostałe informacje", "content": "Kraj pochodzenia:PolskaKraj pochodzenia zależy od konkretnej partii produktu jaka znajduje się w sklepie. Informację o kraju pochodzenia znajdziesz na opakowaniu. Możesz również dodać komentarz z preferowanym typem produktu w koszyku lub wiadomości dla shoppera (np. “prosze o pomidory polskie”).Importer:Mars Polska Sp. z o.o.Kożuszki Parcel 42 96-500 Sochaczew PLwaw.reception@effem.comNazwa wymagana prawnie:Bezcukrowa guma do żucia o smaku jagodowym, zawierająca substancje słodzące."}], "images": ["data/images/00f2564a4729bf85ca189a057707184c.jpg"], "absolute_path": "Artykuły spożywcze/Słodycze/Gumy do żucia/Produkt 8"}
{"name": "Produkt 6", "url": "https://zakupy.biedronka.pl/orbit-orbit-bezcukrowa-guma-do-zucia-white-fruit-21-szt.-29-g-0000011921.html", "title": "Orbit Bezcukrowa guma do żucia White Fruit (21 szt.) 29 g", "brand": "Orbit", "price": "4.99 PLN", "packaging_details": "0.029kg- 172,07 zł / kg", "description_sections": [{"header": "Opis produktu", "content": "Pomaga usuwać plamy po kawie i zachować naturalną biel Twoich zębów.Żuj po jedzeniu i piciu przez co najmniej 20 minut.Zróżnicowana, zbilansowana dieta i zdrowy tryb życia są ważne.Subrand:White"}, {"header": "Składniki i alergeny", "content": "Składniki:substancje słodzące (ksylitol, sorbitol, mannitol, aspartam, acesulfam K),baza gumowa,substancja zagęszczająca (guma arabska),substancja utrzymująca wilgoć (glicerol),aromaty,substancja wypełniająca (fosforany wapnia),emulgator (lecytyna sojowa),kwas (kwas cytrynowy),regulator kwasowości (wodorowęglan sodu),substancja glazurująca (wosk carnauba),przeciwutleniacz (BHA),barwnik (E133)Alergeny:Zawiera SojaInne informacje o zawartości produktu:Przeciwutleniacze:Zawiera, \n\nBarwniki:Zawiera, \n\nSmaki / Aromaty:Zawiera, \n\nSubstancje słodzące:Zawiera"}, {"header": "Wartość odżywcza", "content": "W 100 gWartość energetyczna162 kcalTłuszcz0 gw tym kwasy tłuszczowe nasycone0 gWęglowodany67 gw tym cukry0 gw tym poliole67 gBiałko0 gSól0.05 g"}, {"header": "Pozostałe informacje", "content": "Dystrybutor:Mars Polska Sp. z o.o.Kożuszki-Parcel 42 96-500 SochaczewNazwa wymagana prawnie:Bezcukrowa guma do żucia o smaku owocowym, zawierająca substancje słodzące."}], "images": ["data/images/7d8c720d73eec9e7665abf4f5a2f77ad.jpg"], "absolute_path": "Artykuły spożywcze/Słodycze/Gumy do żucia/Produkt 6"}
{"name": "Produkt 9", "url": "https://zakupy.biedronka.pl/orbit-orbit-refreshers-strawberry-lemon-bezcukrowa-guma-do-zucia-12-szt.-26-g-0000016899.html", "title": "Orbit Refreshers Strawberry Lemon Bezcukrowa guma do żucia (12 szt.) 26 g", "brand": "Orbit", "price": "4.99 PLN", "packaging_details": "0.026kg- 191,92 zł / kg", "description_sections": [{"header": "Opis produktu", "content": "Bezcukrowa guma do żucia o smaku truskawkowym i cytrynowymSubrand:Refreshers"}, {"header": "Składniki i alergeny", "content": "Składniki:substancje słodzące (ksylitol, sorbitol, mannitol, aspartam, acesulfam K),baza gumowa,substancja utrzymująca wilgoć (glicerol),aromaty,substancja zagęszczająca (guma arabska),kwasy (kwas jabłkowy, kwas cytrynowy),emulgator (lecytyna sojowa),substancja glazurująca (wosk carnauba),przeciwutleniacz (BHA),barwnik (E133)Alergeny:Zawiera SojaInne informacje o zawartości produktu:Przeciwutleniacze:Zawiera, \n\nBarwniki:Zawiera, \n\nSmaki / Aromaty:Zawiera, \n\nSubstancje słodzące:Zawiera"}, {"header": "Wartość odżywcza", "content": "W 100 gWartość energetyczna170 kcalTłuszcz0 gw tym kwasy tłuszczowe nasycone0 gWęglowodany69 gw tym cukry0 gw tym poliole69 gBiałko0 gSól0 g"}, {"header": "Pozostałe informacje", "content": "Producent:Mars Polska Sp. z o.o.,\nKożuszki-Parcel 42,\n96-500 Sochaczew,\nPolska\n800 800 131Importer:Mars Polska Sp. z o.o.Kożuszki Parcel 42 96-500 Sochaczew PLwaw.reception@effem.comNazwa wymagana prawnie:Bezcukrowa guma do żucia o smaku truskawkowym i cytrynowym zawierająca substancje słodzące."}], "images": ["data/images/948011f4f9218bdcbcbfd270c98fd6c2.jpg", "data/images/198063107ff02d7817b46bcc3bbd257a.jpg"], "absolute_path": "Artykuły spożywcze/Słodycze/Gumy do żucia/Produkt 9"}
{"name": "Produkt 10", "url": "https://zakupy.biedronka.pl/orbit-orbit-watermelon-bezcukrowa-guma-do-zucia-21-szt.-29-g-0000014832.html", "title": "Orbit Watermelon Bezcukrowa guma do żucia (21 szt.) 29 g", "brand": "Orbit", "price": "4.99 PLN", "packaging_details": "0.029kg- 172,07 zł / kg", "description_sections": [{"header": "Opis produktu", "content": "Żuj po jedzeniu i piciu przez co najmniej 20 minut.Zróżnicowana, zbilansowana dieta i zdrowy tryb życia są ważne."}, {"header": "Składniki i alergeny", "content": "Składniki:substancje słodzące (ksylitol, sorbitol, mannitol, aspartam, acesulfam K),baza gumowa,substancja zagęszczająca (guma arabska),aromaty,substancja utrzymująca wilgoć (glicerol),kwas (kwas cytrynowy),emulgator (lecytyna sojowa),kwas (kwas jabłkowy),substancja glazurująca (wosk carnauba),przeciwutleniacz (BHA)Alergeny:Zawiera SojaInne informacje o zawartości produktu:Przeciwutleniacze:Zawiera, \n\nSmaki / Aromaty:Zawiera, \n\nSubstancje słodzące:Zawiera"}, {"header": "Wartość odżywcza", "content": "W 100 gWartość energetyczna167 kcalTłuszcz0 gw tym kwasy tłuszczowe nasycone0 gWęglowodany68 gw tym cukry0 gw tym poliole68 gBiałko0 gSól0 g"}, {"header": "Pozostałe informacje", "content": "Producent:Mars Polska Sp. z o.o.,\nKożuszki-Parcel 42,\n96-500 Sochaczew,\nPolska\n800 800 131Nazwa wymagana prawnie:Bezcukrowa guma do żucia o smaku arbuza, zawierająca substancje słodzące."}], "images": ["data/images/340da7dd3c4e2959d70dc848a867bac1.jpg"], "absolute_path": "Artykuły spożywcze/Słodycze/Gumy do żucia/Produkt 10"}
{"name": "Produkt 14", "url": "https://zakupy.biedronka.pl/orbit-orbit-guma-do-zucia-bez-cukru-white-spearmint-21-drazetek-29-g-0000011784.html", "title": "Orbit Guma do żucia bez cukru White Spearmint (21 drażetek) 29 g", "brand": "Orbit", "price": "4.99 PLN", "packaging_details": "0.028kg- 178,21 zł / kg", "description_sections": [{"header": "Opis produktu", "content": "Rób to, co dodaje Ci błysku"}, {"header": "Składniki i alergeny", "content": "Składniki:substancje słodzące (ksylitol, sorbitol, aspartam, acesulfam K), baza gumowa, substancja zagęszczająca (guma arabska), substancja utrzymująca wilgoć (glicerol), aromaty, substancja wypełniająca (fosforany wapnia), emulgator (lecytyna sojowa), regulator kwasowości (wodorowęglan sodu), substancja glazurująca (wosk carnauba), przeciwutleniacz (BHA), barwnik (E133)Alergeny:Soja i produkty pochodneInne informacje o zawartości produktu:Zawiera surowce GMO:Nie, \n\nInformacje szczegółowe dotyczące środków słodzących:zawiera substancję słodzącą, zawiera aspartam (źródło fenyloalaniny), zawiera źródło fenyloalaniny, \n\nZawiera przeciwutleniacze:Tak, \n\nZawiera fosforany:Tak, \n\nZawiera barwniki:Tak, \n\nZawiera aromaty:Tak, \n\nDodatki zawarte w produkcie (E-symbole):E133 Błękit brylantowy FCF, \n\nFunkcje dodatków obecnych w produkcie (zadeklarowanych jako dodatki lub numery E):Barwnik"}, {"header": "Wartość odżywcza", "content": "W 100 gWartość energetyczna kcal145 kcalZawartość tłuszczów (ogólnie)0 gKwasy tłuszczowe nasycone0 gZawartość węglowodanów60 gCukry0 gAlkohole wielowodorotlenowe - poliole60 gZawartość białek0 gZawartość soli0.07 g"}, {"header": "Pozostałe informacje", "content": "Kraj pochodzenia:PolskaKraj pochodzenia zależy od konkretnej partii produktu jaka znajduje się w sklepie. Informację o kraju pochodzenia znajdziesz na opakowaniu. Możesz również dodać komentarz z preferowanym typem produktu w koszyku lub wiadomości dla shoppera (np. “prosze o pomidory polskie”).Importer:Mars Polska Sp. z o.o.Kożuszki Parcel 42 96-500 Sochaczew PLwaw.reception@effem.comNazwa wymagana prawnie:Bezcukrowa guma do żucia o smaku miętowym i mentolowym zawierająca substancje słodzące"}], "images": ["data/images/db9d526b1cdc0f118bbece197c067828.jpg"], "absolute_path": "Artykuły spożywcze/Słodycze/Gumy do żucia/Produkt 14"}
{"name": "Produkt 13", "url": "https://zakupy.biedronka.pl/orbit-orbit-spearmint-guma-do-zucia-10-drazetek-14-g-0000001697.html", "title": "Orbit Spearmint Guma do żucia (10 drażetek) 14 g", "brand": "Orbit", "price": "2.79 PLN", "packaging_details": "0.014kg- 199,29 zł / kg", "description_sections": [{"header": "Opis produktu", "content": "Bezcukrowa guma do żucia zawierająca substancje słodzące o smaku miętowym."}, {"header": "Składniki i alergeny", "content": "Składniki:Substancje słodzące ksylitol, sorbitol, mannitol, aspartam, acesulfam K, sukraloza; baza gumowa, substancja utrzymująca wilgoć glicerol, substancja zagęszczająca guma arabska, aromaty, emulgatorlecytyna sojowa, barwnik E171, substancja glazurująca wosk carnauba, przeciwutleniacz BHA.Alergeny:Soja i produkty pochodneInne informacje o zawartości produktu:Zawiera surowce GMO:Nie"}, {"header": "Wartość odżywcza", "content": "W 100 gWartość energetyczna kcal152 kcalZawartość tłuszczów (ogólnie)0 gKwasy tłuszczowe nasycone0 gZawartość węglowodanów63.3 gCukry0 gAlkohole wielowodorotlenowe - poliole63.3 gZawartość białek0 gZawartość soli0 g"}, {"header": "Pozostałe informacje", "content": "Kraj pochodzenia:PolskaKraj pochodzenia zależy od konkretnej partii produktu jaka znajduje się w sklepie. Informację o kraju pochodzenia znajdziesz na opakowaniu. Możesz również dodać komentarz z preferowanym typem produktu w koszyku lub wiadomości dla shoppera (np. “prosze o pomidory polskie”).Producent:Mars Polska Sp. z o.o.,\nKożuszki-Parcel 42,\n96-500 Sochaczew,\nPolska\n800 800 131Dystrybutor:Mars Polska Sp. z o.o.Kożuszki Parcel 42 96-500 Sochaczewwaw.reception@effem.comImporter:Mars Polska Sp. z o.o.Kożuszki Parcel 42 96-500 Sochaczew PLwaw.reception@effem.comNazwa wymagana prawnie:Bezcukrowa guma do żucia zawierająca substancje słodzące o smaku miętowym"}], "images": ["data/images/dfce3c4cda4f6730c2ea646d067aeab9.jpg", "data/images/af3fa79d47452bc35ea647e1cc7c02b5.jpg", "data/images/edb522001cc97b338169f130866ab757.jpg"], "absolute_path": "Artykuły spożywcze/Słodycze/Gumy do żucia/Produkt 13"}
{"name": "Produkt 12", "url": "https://zakupy.biedronka.pl/airwaves-airwaves-cool-cassis--guma-do-zucia-10-drazetek-14-g-0000001694.html", "title": "Airwaves Cool Cassis  Guma do żucia (10 drażetek) 14 g", "brand": "Airwaves", "price": "2.79 PLN", "packaging_details": "0.014kg- 199,29 zł / kg", "description_sections": [{"header": "Opis produktu", "content": "Bezcukrowa guma do żucia, zawierająca substancje słodzące o smaku mentolowym i czarnej porzeczki."}, {"header": "Składniki i alergeny", "content": "Składniki:Substancje słodzące sorbitol, izomalt, syrop maltitolowy, aspartam, mannitol, acesulfam K, sukraloza; baza gumowa , aromaty, substancja utrzymująca wilgoć glicerol, substancja zagęszczająca guma arabska,emulgatorlecytyna sojowa, substancja glazurująca wosk carnauba, barwnik E163, przeciwutleniacz BHA.Alergeny:Soja i produkty pochodneInne informacje o zawartości produktu:Zawiera surowce GMO:Nie, \n\nZawiera substancje konserwujące:Nie"}, {"header": "Wartość odżywcza", "content": "W 100 gWartość energetyczna kcal151 kcalZawartość tłuszczów (ogólnie)0 gKwasy tłuszczowe nasycone0 gZawartość węglowodanów62.8 gCukry0 gAlkohole wielowodorotlenowe - poliole62.8 gZawartość białek0 gZawartość soli0 g"}, {"header": "Pozostałe informacje", "content": "Kraj pochodzenia:PolskaKraj pochodzenia zależy od konkretnej partii produktu jaka znajduje się w sklepie. Informację o kraju pochodzenia znajdziesz na opakowaniu. Możesz również dodać komentarz z preferowanym typem produktu w koszyku lub wiadomości dla shoppera (np. “prosze o pomidory polskie”).Producent:Mars Polska Sp. z o.o.,\nKożuszki-Parcel 42,\n96-500 Sochaczew,\nPolska\n800 800 131Dystrybutor:Mars Polska Sp. z o.o.Kożuszki Parcel 42 96-500 Sochaczewwaw.reception@effem.comImporter:Mars Polska Sp. z o.o.Kożuszki Parcel 42 96-500 Sochaczew PLwaw.reception@effem.comNazwa wymagana prawnie:Bezcukrowa guma do żucia, zawierająca substancje słodzące o smaku mentolowym i czarnej porzeczki"}], "images": ["data/images/2a5db3542691d79a4509e1beeeaa3db2.jpg", "data/images/56075689d704d903177f7e90e804c0a1.jpg", "data/images/43878ac8d635d7074641189bb185cc0f.jpg"], "absolute_path": "Artykuły spożywcze/Słodycze/Gumy do żucia/Produkt 12"}
{"name": "Produkt 11", "url": "https://zakupy.biedronka.pl/fritt-fritt-guma-rozpuszczalna-o-smaku-truskawkowym-z-witamina-c-6x117-g-70-g-0000009565.html", "title": "Fritt Guma rozpuszczalna o smaku truskawkowym z witaminą C (6x11,7 g) 70 g", "brand": "Fritt", "price": "3.29 PLN", "packaging_details": "0.07kg- 47,00 zł / kg", "description_sections": [{"header": "Składniki i alergeny", "content": "Składniki:syrop glukozowy,cukier,tłuszcze roślinne (palmowy, kokosowy),żelatyna,kwas (kwas cytrynowy),proszek truskawkowy (0,5 %),naturalny aromat,witamina C,barwnik (czerwień buraczana)Inne informacje o zawartości produktu:Barwniki:Zawiera, \n\nSmaki / Aromaty:Zawiera, \n\nSyrop glukozowy lub glukozowo-fruktozowy:Zawiera"}, {"header": "Wartość odżywcza", "content": "W 100 gWartość energetyczna401 kcalTłuszcz8.5 gw tym kwasy tłuszczowe nasycone5.7 gWęglowodany79 gw tym cukry50 gBiałko2 gSól0.01 gWitaminy i składniki mineralnew 100  g% RWS w 100  gWitamina C150 mg0%"}, {"header": "Pozostałe informacje", "content": "Producent:Ludwig Schokolade GmbH & Co. KG,\nMember of the KRÜGER GROUP\nPostfach 2015,\n66720 Saarlouis,\nGermanyDystrybutor:Ludwig Schokolade GmbH & Co. KGMember of the KRÜGER GROUP Postfa ch 2015Importer:LUDWIG CZEKOLADA Sp. z o. o.Rzeczna 3 43-430 Skoczów PLtomasz.hankus@ludwig.com.plNazwa wymagana prawnie:Fritt Cukierek rozpuszczalny o smaku truskawkowym z witaminą C 70 g (6 x 11,7 g)"}], "images": ["data/images/9af21bd3c8e1c963e26c0aced8e92ba2.jpg"], "absolute_path": "Artykuły spożywcze/Słodycze/Gumy do żucia/Produkt 11"}
{"name": "Produkt 19", "url": "https://zakupy.biedronka.pl/fritt-fritt-guma-rozpuszczalna-o-smaku-wisniowym-z-witamina-c-6x117-g-70-g-0000009566.html", "title": "Fritt Guma rozpuszczalna o smaku wiśniowym z witaminą C (6x11,7 g) 70 g", "brand": "Fritt", "price": "3.29 PLN", "packaging_details": "0.07kg- 47,00 zł / kg", "description_sections": [{"header": "Składniki i alergeny", "content": "Składniki:syrop glukozowy,cukier,tłuszcze roślinne (palmowy, kokosowy),żelatyna,kwas (kwas cytrynowy),proszek wiśniowy (0,5 %),witamina C,naturalny aromat,barwnik (czerwień buraczana)Inne informacje o zawartości produktu:Barwniki:Zawiera, \n\nSmaki / Aromaty:Zawiera, \n\nSyrop glukozowy lub glukozowo-fruktozowy:Zawiera"}, {"header": "Wartość odżywcza", "content": "W 100 gWartość energetyczna401 kcalTłuszcz8.5 gw tym kwasy tłuszczowe nasycone5.7 gWęglowodany79 gw tym cukry50 gBiałko2 gSól0.01 gWitaminy i składniki mineralnew 100  g% RWS w 100  gWitamina C150 mg0%"}, {"header": "Pozostałe informacje", "content": "Producent:Ludwig Schokolade GmbH & Co. KG,\nMember of the KRÜGER GROUP\nPostfach 2015,\n66720 Saarlouis,\nGermanyDystrybutor:Ludwig Schokolade GmbH & Co. KGMember of the KRÜGER GROUP Postfa ch 2015Importer:LUDWIG CZEKOLADA Sp. z o. o.Rzeczna 3 43-430 Skoczów PLtomasz.hankus@ludwig.com.plNazwa wymagana prawnie:Fritt Cukierek rozpuszczalny o smaku wiśniowym z witaminą C 70 g (6 x 11,7 g)"}], "images": ["data/images/5729c774658e53a4f217bdd2f971f5b5.jpg"], "absolute_path": "Artykuły spożywcze/Słodycze/Gumy do żucia/Produkt 19"}
{"name": "Produkt 15", "url": "https://zakupy.biedronka.pl/orbit-orbit-refreshers-bubblemint-bezcukrowa-guma-do-zucia-12-szt.-26-g-0000016900.html", "title": "Orbit Refreshers Bubblemint Bezcukrowa guma do żucia (12 szt.) 26 g", "brand": "Orbit", "price": "4.99 PLN", "packaging_details": "0.026kg- 191,92 zł / kg", "description_sections": [{"header": "Opis produktu", "content": "Bezcukrowa guma do zucia o smaku owocowym i miętowymSubrand:Refreshers"}, {"header": "Składniki i alergeny", "content": "Składniki:substancje słodzące (ksylitol, sorbitol, mannitol, aspartam, acesulfam K),baza gumowa,aromaty,substancja utrzymująca wilgoć (glicerol),substancja zagęszczająca (guma arabska),emulgator (lecytyna sojowa),substancja glazurująca (wosk carnauba),przeciwutleniacz (BHA),barwnik (E133)Alergeny:Zawiera SojaInne informacje o zawartości produktu:Przeciwutleniacze:Zawiera, \n\nSmaki / Aromaty:Zawiera, \n\nSubstancje słodzące:Zawiera"}, {"header": "Wartość odżywcza", "content": "W 100 gWartość energetyczna168 kcalTłuszcz0 gw tym kwasy tłuszczowe nasycone0 gWęglowodany70 gw tym cukry0 gw tym poliole70 gBiałko0 gSól0 g"}, {"header": "Pozostałe informacje", "content": "Producent:Mars Polska Sp. z o.o.,\nKożuszki-Parcel 42,\n96-500 Sochaczew,\nPolska\n800 800 131Importer:Mars Polska Sp. z o.o.Kożuszki Parcel 42 96-500 Sochaczew PLwaw.reception@effem.comNazwa wymagana prawnie:Bezcukrowa guma do żucia o smaku owocowym i miętowym zawierająca substancje słodzące."}], "images": ["data/images/886de76ed69d7799b0ab889c90dcb6df.jpg"], "absolute_path": "Artykuły spożywcze/Słodycze/Gumy do żucia/Produkt 15"}
{"name": "Produkt 18", "url": "https://zakupy.biedronka.pl/fritt-fritt-guma-rozpuszczalna-o-smaku-cytrynowym-z-witamina-c-6x117-g-70-g-0000009571.html", "title": "Fritt Guma rozpuszczalna o smaku cytrynowym z witaminą C (6x11,7 g) 70 g", "brand": "Fritt", "price": "3.29 PLN", "packaging_details": "0.07kg- 47,00 zł / kg", "description_sections": [{"header": "Składniki i alergeny", "content": "Składniki:syrop glukozowy,cukier,tłuszcze roślinne (palmowy, kokosowy),żelatyna,kwas (kwas cytrynowy),sok cytrynowy w proszku (0,5 %),witamina C,naturalny aromat owoców cytrusowych,barwnik (kurkumina)Inne informacje o zawartości produktu:Barwniki:Zawiera, \n\nSmaki / Aromaty:Zawiera, \n\nSyrop glukozowy lub glukozowo-fruktozowy:Zawiera"}, {"header": "Wartość odżywcza", "content": "W 100 gWartość energetyczna401 kcalTłuszcz8.5 gw tym kwasy tłuszczowe nasycone5.7 gWęglowodany79 gw tym cukry50 gBiałko2 gSól0.01 gWitaminy i składniki mineralnew 100  g% RWS w 100  gWitamina C150 mg0%"}, {"header": "Pozostałe informacje", "content": "Producent:Ludwig Schokolade GmbH & Co. KG,\nMember of the KRÜGER GROUP\nPostfach 2015,\n66720 Saarlouis,\nGermanyDystrybutor:Ludwig Schokolade GmbH & Co. KGMember of the KRÜGER GROUP Postfa ch 2015Importer:LUDWIG CZEKOLADA Sp. z o. o.Rzeczna 3 43-430 Skoczów PLtomasz.hankus@ludwig.com.plNazwa wymagana prawnie:Fritt Cukierek rozpuszczalny o smaku cytrynowym z witaminą C 70 g (6 x 11,7 g)"}], "images": ["data/images/b69b71c50be35d607cab702ebc4a20f3.jpg"], "absolute_path": "Artykuły spożywcze/Słodycze/Gumy do żucia/Produkt 18"}
{"name": "Produkt 16", "url": "https://zakupy.biedronka.pl/fritt-fritt-guma-rozpuszczalna-o-smaku-owocow-lesnych-z-witamina-c-6x117-g-70-g-0000009568.html", "title": "Fritt Guma rozpuszczalna o smaku owoców leśnych z witaminą C (6x11,7 g) 70 g", "brand": "Fritt", "price": "3.29 PLN", "packaging_details": "0.07kg- 47,00 zł / kg", "description_sections": [{"header": "Składniki i alergeny", "content": "Składniki:syrop glukozowy,cukier,tłuszcze roślinne (palmowy, kokosowy),żelatyna,kwas (kwas cytrynowy),naturalny aromat,proszek owoców mieszanych (0,5 %) (maliny, jeżyny, jagody),barwnik (czerwień buraczana),witamina CInne informacje o zawartości produktu:Barwniki:Zawiera, \n\nSmaki / Aromaty:Zawiera, \n\nSyrop glukozowy lub glukozowo-fruktozowy:Zawiera"}, {"header": "Wartość odżywcza", "content": "W 100 gWartość energetyczna401 kcalTłuszcz8.5 gw tym kwasy tłuszczowe nasycone5.7 gWęglowodany79 gw tym cukry50 gBiałko2 gSól0.01 gWitaminy i składniki mineralnew 100  g% RWS w 100  gWitamina C150 mg0%"}, {"header": "Pozostałe informacje", "content": "Producent:Ludwig Schokolade GmbH & Co. KG,\nMember of the KRÜGER GROUP\nPostfach 2015,\n66720 Saarlouis,\nGermanyDystrybutor:Ludwig Schokolade GmbH & Co. KGMember of the KRÜGER GROUP Postfa ch 2015Importer:LUDWIG CZEKOLADA Sp. z o. o.Rzeczna 3 43-430 Skoczów PLtomasz.hankus@ludwig.com.plNazwa wymagana prawnie:Fritt Cukierek rozpuszczalny o smaku owoców leśnych z witaminą C 70 g (6 x 11,7 g)"}], "images": ["data/images/cd8998adacf1b24df7a579d31f1d8a25.jpg"], "absolute_path": "Artykuły spożywcze/Słodycze/Gumy do żucia/Produkt 16"}
{"name": "Produkt 17", "url": "https://zakupy.biedronka.pl/fritt-fritt-guma-rozpuszczalna-o-smaku-pomaranczowym-z-witamina-c-6x117-g-70-g-0000009569.html", "title": "Fritt Guma rozpuszczalna o smaku pomarańczowym z witaminą C (6x11,7 g) 70 g", "brand": "Fritt", "price": "3.29 PLN", "packaging_details": "0.07kg- 47,00 zł / kg", "description_sections": [{"header": "Składniki i alergeny", "content": "Składniki:syrop glukozowy,cukier,tłuszcze roślinne (palmowy, kokosowy),żelatyna,kwas (kwas cytrynowy),sok pomarańczowy w proszku (0,5 %),witamina C,naturalny aromat pomarańczowy,barwnik (ekstrakt z papryki)Inne informacje o zawartości produktu:Barwniki:Zawiera, \n\nSmaki / Aromaty:Zawiera, \n\nSyrop glukozowy lub glukozowo-fruktozowy:Zawiera"}, {"header": "Wartość odżywcza", "content": "W 100 gWartość energetyczna401 kcalTłuszcz8.5 gw tym kwasy tłuszczowe nasycone5.7 gWęglowodany79 gw tym cukry50 gBiałko2 gSól0.01 gWitaminy i składniki mineralnew 100  g% RWS w 100  gWitamina C150 mg0%"}, {"header": "Pozostałe informacje", "content": "Producent:Ludwig Schokolade GmbH & Co. KG,\nMember of the KRÜGER GROUP\nPostfach 2015,\n66720 Saarlouis,\nGermanyDystrybutor:Ludwig Schokolade GmbH & Co. KGMember of the KRÜGER GROUP Postfa ch 2015Importer:LUDWIG CZEKOLADA Sp. z o. o.Rzeczna 3 43-430 Skoczów PLtomasz.hankus@ludwig.com.plNazwa wymagana prawnie:Fritt Cukierek rozpuszczalny o smaku pomarańczowym z witaminą C 70 g (6 x 11,7 g)"}], "images": ["data/images/2f319a199f5b0f8de0187463d7452a0d.jpg"], "absolute_path": "Artykuły spożywcze/Słodycze/Gumy do żucia/Produkt 17"}
{"name": "Produkt 23", "url": "https://zakupy.biedronka.pl/airwaves-airwaves-cool-cassis-bezcukrowa-guma-do-zucia-21-sztuk-29-g-0000023706.html", "title": "Airwaves Cool Cassis Bezcukrowa guma do żucia (21 sztuk) 29 g", "brand": "Airwaves", "price": "4.99 PLN", "packaging_details": "0.029kg- 172,07 zł / kg", "description_sections": [{"header": "Składniki i alergeny", "content": "Składniki:substancje słodzące (sorbitol, izomalt, syrop maltitolowy, aspartam, mannitol, acesulfam k, sukraloza),baza gumowa,aromaty,substancja utrzymująca wilgoć (glicerol),substancja zagęszczająca (guma arabska),emulgator (lecytyna sojowa),substancja glazurująca (wosk carnauba),barwnik (E163),przeciwutleniacz (BHA)"}, {"header": "Pozostałe informacje", "content": "Dystrybutor:Jeronimo Martins Polska S.A.Żniwna 5 62-025 Kostrzyn PLImporter:Jeronimo Martins Polska S.A.Żniwna 5 62-025 Kostrzyn PLNazwa wymagana prawnie:Bezcukrowa guma do żucia o smaku mentolowym i czarnej porzeczki, zawierająca substancje słodzące."}], "images": ["data/images/be1a38672e3a0112f05f894c23eba700.jpg"], "absolute_path": "Artykuły spożywcze/Słodycze/Gumy do żucia/Produkt 23"}
{"name": "Produkt 20", "url": "https://zakupy.biedronka.pl/winterfresh-winterfresh-original-guma-do-zucia-10-drazetek-14-g-0000001696.html", "title": "Winterfresh Original Guma do żucia (10 drażetek) 14 g", "brand": "Winterfresh", "price": "2.79 PLN", "packaging_details": "0.014kg- 199,29 zł / kg", "description_sections": [{"header": "Opis produktu", "content": "Bezcukrowa guma do żucia zawiera substancje słodzące. Smak miętowo-mentolowy."}, {"header": "Składniki i alergeny", "content": "Składniki:Substancje słodzące sorbitol, maltitol, syrop maltitolowy, mannitol, aspartam, acesulfam K; baza gumowa (zawiera lecytynę sojową), aromaty, substancja zagęszczająca guma arabska, substancja utrzymująca wilgoć glicerol, substancja glazurująca węglan wapnia, barwnik E171, substancja glazurująca wosk carnauba, przeciwutleniacz BHA."}, {"header": "Pozostałe informacje", "content": "Kraj pochodzenia:PolskaKraj pochodzenia zależy od konkretnej partii produktu jaka znajduje się w sklepie. Informację o kraju pochodzenia znajdziesz na opakowaniu. Możesz również dodać komentarz z preferowanym typem produktu w koszyku lub wiadomości dla shoppera (np. “prosze o pomidory polskie”).Nazwa wymagana prawnie:Bezcukrowa guma do żucia zawiera substancje słodzące. Smak miętowo-mentolowy"}], "images": ["data/images/0d9513cbe8ce342eaf7aa0839a6114f5.jpg"], "absolute_path": "Artykuły spożywcze/Słodycze/Gumy do żucia/Produkt 20"}
{"name": "Produkt 24", "url": "https://zakupy.biedronka.pl/orbit-orbit-white-fruit-bezcukrowa-guma-do-zucia-21-sztuk-29-g-0000023704.html", "title": "Orbit White Fruit Bezcukrowa guma do żucia (21 sztuk) 29 g", "brand": "Orbit", "price": "4.99 PLN", "packaging_details": "0.029kg- 172,07 zł / kg", "description_sections": [{"header": "Opis produktu", "content": "Pomaga usuwać plamy po kawie i zachować naturalną biel Twoich zębów.Żuj po jedzeniu i piciu przez co najmniej 20 minut.Zróżnicowana, zbilansowana dieta i zdrowy tryb życia są ważne.Subrand:White"}, {"header": "Składniki i alergeny", "content": "Składniki:substancje słodzące (ksylitol, sorbitol, mannitol, aspartam, acesulfam K),baza gumowa,substancja zagęszczająca (guma arabska),substancja utrzymująca wilgoć (glicerol),aromaty,substancja wypełniająca (fosforany wapnia),emulgator (lecytyna sojowa),kwas (kwas cytrynowy),regulator kwasowości (wodorowęglan sodu),substancja glazurująca (wosk carnauba),przeciwutleniacz (BHA),barwnik (E133)"}, {"header": "Pozostałe informacje", "content": "Dystrybutor:Jeronimo Martins Polska S.A.Żniwna 5 62-025 Kostrzyn PLImporter:Jeronimo Martins Polska S.A.Żniwna 5 62-025 Kostrzyn PLNazwa wymagana prawnie:Bezcukrowa guma do żucia o smaku owocowym, zawierająca substancje słodzące."}], "images": ["data/images/0e198b09d93a62801a22d7a70a160212.jpg"], "absolute_path": "Artykuły spożywcze/Słodycze/Gumy do żucia/Produkt 24"}
{"name": "Produkt 22", "url": "https://zakupy.biedronka.pl/orbit-orbit-bezcukrowa-guma-do-zucia-spearmint-21-szt.-29-g-0000011919.html", "title": "Orbit Bezcukrowa guma do żucia Spearmint (21 szt.) 29 g", "brand": "Orbit", "price": "4.99 PLN", "packaging_details": "0.029kg- 172,07 zł / kg", "description_sections": [{"header": "Opis produktu", "content": "Żuj po jedzeniu i piciu przez co najmniej 20 minut.Zróżnicowana, zbilansowana dieta i zdrowy tryb życia są ważne."}, {"header": "Składniki i alergeny", "content": "Składniki:substancje słodzące (sorbitol, ksylitol, aspartam, mannitol, acesulfam K, sukraloza),baza gumowa,substancja utrzymująca wilgoć (glicerol),substancja zagęszczająca (guma arabska),aromaty,emulgator (lecytyna sojowa),substancja glazurująca (wosk carnauba),przeciwutleniacz (BHA)Alergeny:Zawiera SojaInne informacje o zawartości produktu:Przeciwutleniacze:Zawiera, \n\nSmaki / Aromaty:Zawiera, \n\nSubstancje słodzące:Zawiera"}, {"header": "Wartość odżywcza", "content": "W 100 gWartość energetyczna149 kcalTłuszcz0 gw tym kwasy tłuszczowe nasycone0 gWęglowodany62 gw tym cukry0 gw tym poliole62 gBiałko0 gSól0 g"}, {"header": "Pozostałe informacje", "content": "Dystrybutor:Mars Polska Sp. z o.o.Kożuszki - Parcel 42 96-500 SochaczewNazwa wymagana prawnie:Bezcukrowa guma do żucia o smaku miętowym, zawierająca substancje słodzące."}], "images": ["data/images/6d0f1de6bb2f519a164e0409f0c7d3c4.jpg"], "absolute_path": "Artykuły spożywcze/Słodycze/Gumy do żucia/Produkt 22"}
{"name": "Produkt 21", "url": "https://zakupy.biedronka.pl/winterfresh-winterfresh-bezcukrowa-guma-do-zucia-original-21-szt.-29-g-0000011782.html", "title": "Winterfresh Bezcukrowa guma do żucia Original (21 szt.) 29 g", "brand": "Winterfresh", "price": "4.99 PLN", "packaging_details": "0.028kg- 178,21 zł / kg", "description_sections": [{"header": "Składniki i alergeny", "content": "Składniki:substancje słodzące (sorbitol, maltitol, mannitol, aspartam, acesulfam K),baza gumowa,substancja zagęszczająca (guma arabska),aromaty,substancja utrzymująca wilgoć (glicerol),emulgator (lecytyna sojowa),substancja glazurująca (wosk carnauba),przeciwutleniacz (BHA)Alergeny:Zawiera SojaInne informacje o zawartości produktu:Przeciwutleniacze:Zawiera, \n\nSmaki / Aromaty:Zawiera, \n\nSubstancje słodzące:Zawiera"}, {"header": "Wartość odżywcza", "content": "W 100 gWartość energetyczna149 kcalTłuszcz0 gw tym kwasy tłuszczowe nasycone0 gWęglowodany62 gw tym cukry0 gw tym poliole62 gBiałko0 gSól0 g"}, {"header": "Pozostałe informacje", "content": "Nazwa wymagana prawnie:Bezcukrowa guma do żucia o smaku miętowym i mentolowym, zawierająca substancje słodzące."}], "images": ["data/images/3b32b8912f768e6cfc79f58c6c1e782c.jpg"], "absolute_path": "Artykuły spożywcze/Słodycze/Gumy do żucia/Produkt 21"}
{"name": "Produkt 26", "url": "https://zakupy.biedronka.pl/orbit-orbit-guma-do-zucia-bez-cukru-peppermint-21-drazetek-29-g-0000019722.html", "title": "Orbit Guma do żucia bez cukru Peppermint (21 drażetek) 29 g", "brand": "Orbit", "price": "4.99 PLN", "packaging_details": "0.028kg- 178,21 zł / kg", "description_sections": [{"header": "Opis produktu", "content": "Rób to, co dodaje Ci błysku"}, {"header": "Składniki i alergeny", "content": "Składniki:substancje słodzące (sorbitol, maltitol, aspartam, mannitol, acesulfam K), baza gumowa, substancja zagęszczająca (guma arabska), aromaty, substancja utrzymująca wilgoć (glicerol), emulgator (lecytyna sojowa), substancja glazurująca (wosk carnauba), przeciwutleniacz (BHA).Alergeny:Soja i produkty pochodneInne informacje o zawartości produktu:Zawiera surowce GMO:Nie, \n\nInformacje szczegółowe dotyczące środków słodzących:zawiera substancję słodzącą, zawiera aspartam (źródło fenyloalaniny), zawiera źródło fenyloalaniny, \n\nZawiera przeciwutleniacze:Tak, \n\nZawiera aromaty:Tak"}, {"header": "Wartość odżywcza", "content": "W 100 gWartość energetyczna kcal149 kcalZawartość tłuszczów (ogólnie)0 gKwasy tłuszczowe nasycone0 gZawartość węglowodanów62 gCukry0 gAlkohole wielowodorotlenowe - poliole62 gZawartość białek0 gZawartość soli0 g"}, {"header": "Pozostałe informacje", "content": "Kraj pochodzenia:PolskaKraj pochodzenia zależy od konkretnej partii produktu jaka znajduje się w sklepie. Informację o kraju pochodzenia znajdziesz na opakowaniu. Możesz również dodać komentarz z preferowanym typem produktu w koszyku lub wiadomości dla shoppera (np. “prosze o pomidory polskie”).Importer:Mars Polska Sp. z o.o.Kożuszki Parcel 42 96-500 Sochaczew PLwaw.reception@effem.comNazwa wymagana prawnie:Bezcukrowa guma do żucia o smaku miętowym zawierająca substancje słodzące"}], "images": ["data/images/3fb5201947a817b9b5c0b23662424008.jpg"], "absolute_path": "Artykuły spożywcze/Słodycze/Gumy do żucia/Produkt 26"}
{"name": "Produkt 25", "url": "https://zakupy.biedronka.pl/airwaves-airwaves-menthol-and-eucalyptus-bezcukrowa-guma-do-zucia-10-sztuk-14-g-0001146923.html", "title": "Airwaves Menthol & Eucalyptus Bezcukrowa guma do żucia (10 sztuk) 14 g", "brand": "Airwaves", "price": "2.79 PLN", "packaging_details": "0.014kg- 199,29 zł / kg", "description_sections": [{"header": "Składniki i alergeny", "content": "Składniki:substancje słodzące sorbitol, izomalt, syrop maltitolowy, aspartam, mannitol, acesulfam K,baza gumowa,substancja glazurująca węglan wapnia,aromaty,substancja zagęszczająca guma arabska,emulgatorlecytyna sojowa,substancja utrzymująca wilgoć glicerol,substancja glazurująca wosk carnauba,przeciwutleniacz BHA,barwnik E141"}, {"header": "Pozostałe informacje", "content": "Dystrybutor:Jeronimo Martins Polska S.A.Żniwna 5 62-025 Kostrzyn PLImporter:Jeronimo Martins Polska S.A.Żniwna 5 62-025 Kostrzyn PLNazwa wymagana prawnie:Bezcukrowa guma do żucia zawierająca substancje słodzące o smaku mentolowym i eukaliptusowym."}], "images": ["data/images/515a01c1302fc92d2da745187f464d60.jpg"], "absolute_path": "Artykuły spożywcze/Słodycze/Gumy do żucia/Produkt 25"}
{"name": "Produkt 28", "url": "https://zakupy.biedronka.pl/orbit-orbit-spearmint-bezcukrowa-guma-do-zucia--21-sztuk-29-g-0000023703.html", "title": "Orbit Spearmint Bezcukrowa guma do żucia  (21 sztuk) 29 g", "brand": "Orbit", "price": "4.99 PLN", "packaging_details": "0.029kg- 172,07 zł / kg", "description_sections": [{"header": "Opis produktu", "content": "Żuj po jedzeniu i piciu przez co najmniej 20 minut.Zróżnicowana, zbilansowana dieta i zdrowy tryb życia są ważne."}, {"header": "Składniki i alergeny", "content": "Składniki:substancje słodzące (sorbitol, ksylitol, aspartam, mannitol, acesulfam K, sukraloza),baza gumowa,substancja utrzymująca wilgoć (glicerol),substancja zagęszczająca (guma arabska),aromaty,emulgator (lecytyna sojowa),substancja glazurująca (wosk carnauba),przeciwutleniacz (BHA)"}, {"header": "Pozostałe informacje", "content": "Dystrybutor:Jeronimo Martins Polska S.A.Żniwna 5 62-025 Kostrzyn PLImporter:Jeronimo Martins Polska S.A.Żniwna 5 62-025 Kostrzyn PLNazwa wymagana prawnie:Bezcukrowa guma do żucia o smaku miętowym, zawierająca substancje słodzące."}], "images": ["data/images/273f3522d442993ec2ffd7f4e724ca29.jpg"], "absolute_path": "Artykuły spożywcze/Słodycze/Gumy do żucia/Produkt 28"}
{"name": "Produkt 27", "url": "https://zakupy.biedronka.pl/orbit-orbit-peppermint-bezcukrowa-guma-do-zucia-21-szt.-29-g-0000011783.html", "title": "Orbit Peppermint Bezcukrowa guma do żucia (21 szt.) 29 g", "brand": "Orbit", "price": "4.99 PLN", "packaging_details": "0.028kg- 178,21 zł / kg", "description_sections": [{"header": "Opis produktu", "content": "Żuj po jedzeniu i piciu przez co najmniej 20 minut.Zróżnicowana, zbilansowana dieta i zdrowy tryb życia są ważne."}, {"header": "Składniki i alergeny", "content": "Składniki:substancje słodzące (sorbitol, maltitol, aspartam, mannitol, acesulfam k),baza gumowa,substancja zagęszczająca (guma arabska),aromaty,substancja utrzymująca wilgoć (glicerol),emulgator (lecytyna sojowa),substancja glazurująca (wosk carnauba),przeciwutleniacz (BHA)Alergeny:Zawiera SojaInne informacje o zawartości produktu:Przeciwutleniacze:Zawiera, \n\nSmaki / Aromaty:Zawiera, \n\nSubstancje słodzące:Zawiera"}, {"header": "Wartość odżywcza", "content": "W 100 gWartość energetyczna149 kcalTłuszcz0 gw tym kwasy tłuszczowe nasycone0 gWęglowodany62 gw tym cukry0 gw tym poliole62 gBiałko0 gSól0 g"}, {"header": "Pozostałe informacje", "content": "Nazwa wymagana prawnie:Bezcukrowa guma do żucia o smaku miętowym zawierająca substancje słodzące."}], "images": ["data/images/8c99f3867f90f952675afaaaa6385a38.jpg", "data/images/57ac76b726f64d85ead1f9a2ae9bd4f4.jpg"], "absolute_path": "Artykuły spożywcze/Słodycze/Gumy do żucia/Produkt 27"}
{"name": "Produkt 29", "url": "https://zakupy.biedronka.pl/orbit-orbit-peppermint-guma-do-zucia-10-drazetek-14-g-0000001695.html", "title": "Orbit Peppermint Guma do żucia (10 drażetek) 14 g", "brand": "Orbit", "price": "2.79 PLN", "packaging_details": "0.014kg- 199,29 zł / kg", "description_sections": [{"header": "Opis produktu", "content": "Bezcukrowa guma do żucia zawierająca substancje słodzące o smaku miętowym."}, {"header": "Składniki i alergeny", "content": "Składniki:Substancje słodzące ksylitol, sorbitol, mannitol, aspartam, sól aspartamu - acesulfam, acesulfam K; baza gumowa, substancja zagęszczająca guma arabska, aromaty, substancja utrzymująca wilgoć glicerol, emulgatorlecytyna sojowa, barwnik E171, substancja glazurująca wosk carnauba, przeciwutleniacz BHA.Alergeny:Soja i produkty pochodneInne informacje o zawartości produktu:Zawiera surowce GMO:Nie"}, {"header": "Wartość odżywcza", "content": "W 100 gWartość energetyczna kcal149 kcalZawartość tłuszczów (ogólnie)0 gKwasy tłuszczowe nasycone0 gZawartość węglowodanów62.1 gCukry0 gAlkohole wielowodorotlenowe - poliole62.1 gZawartość białek0 gZawartość soli0 g"}, {"header": "Pozostałe informacje", "content": "Kraj pochodzenia:PolskaKraj pochodzenia zależy od konkretnej partii produktu jaka znajduje się w sklepie. Informację o kraju pochodzenia znajdziesz na opakowaniu. Możesz również dodać komentarz z preferowanym typem produktu w koszyku lub wiadomości dla shoppera (np. “prosze o pomidory polskie”).Producent:Mars Polska Sp. z o.o.,\nKożuszki-Parcel 42,\n96-500 Sochaczew,\nPolska\n800 800 131Dystrybutor:Mars Polska Sp. z o.o.Kożuszki Parcel 42 96-500 Sochaczewwaw.reception@effem.comImporter:Mars Polska Sp. z o.o.Kożuszki Parcel 42 96-500 Sochaczew PLwaw.reception@effem.comNazwa wymagana prawnie:Bezcukrowa guma do żucia zawierająca substancje słodzące o smaku miętowym"}], "images": ["data/images/5ed33faf335bb3e393c4d28fa6fe9c42.jpg", "data/images/f81ceed3274a7213ec0bca19d4dc2065.jpg", "data/images/56cc40d14cad8795c9a3da461c980f24.jpg"], "absolute_path": "Artykuły spożywcze/Słodycze/Gumy do żucia/Produkt 29"}
{"name": "Produkt 1", "url": "https://zakupy.biedronka.pl/diamant-diamant-cukier-bialy-1-kg-0000004986.html", "title": "Diamant Cukier biały 1 kg", "brand": "Diamant", "price": "2.99 PLN", "packaging_details": "1kg- 2,99 zł / kg", "description_sections": [{"header": "Opis produktu", "content": "Przeznaczony do słodzenia zimnych i gorących napojów oraz przygotowywania wypieków, deserów i przetworów."}, {"header": "Składniki i alergeny", "content": "Składniki:sacharozaInne informacje o zawartości produktu:Zawiera surowce GMO:Nie"}, {"header": "Wartość odżywcza", "content": "W 100 gWartość energetyczna kcal400 kcalZawartość tłuszczów (ogólnie)0 gKwasy tłuszczowe nasycone0 gZawartość węglowodanów100 gCukry100 gZawartość białek0 gZawartość soli0 g"}, {"header": "Pozostałe informacje", "content": "Kraj pochodzenia:PolskaKraj pochodzenia zależy od konkretnej partii produktu jaka znajduje się w sklepie. Informację o kraju pochodzenia znajdziesz na opakowaniu. Możesz również dodać komentarz z preferowanym typem produktu w koszyku lub wiadomości dla shoppera (np. “prosze o pomidory polskie”).Producent:Südzucker Polska S.A.\nul. Muchoborska 6\n54-424 Wrocław\nBiuro handlowe w Krakowie\ntel. 12 \\ 261 80 00\nsekretariat.krakow@suedzucker.pl\nwww.cukier-krolewski.plDystrybutor:Pfeifer & Langen MarketingMickiewicza 35 60-837 PoznańNazwa wymagana prawnie:Diamant cukier biały 1kg"}], "images": ["data/images/bae90c3bbf9a55c3876f246804397f23.jpg"], "absolute_path": "Artykuły spożywcze/Produkty sypkie/Cukier/Produkt 1"}
{"name": "Produkt 2", "url": "https://zakupy.biedronka.pl/diamant-diamant-cukier-puder-500-g-0000001192.html", "title": "Diamant Cukier puder 500 g", "brand": "Diamant", "price": "2.99 PLN", "packaging_details": "0.5kg- 5,98 zł / kg", "description_sections": [{"header": "Opis produktu", "content": "Cukier puder to bardzo drobno zmielony cukier krysztal. To znakomity skladnik do wypieku delikatnych i pulchnych ciast, przygotowywania lekkich kremów, bitej smietany a takze mas serowych i makowych. Doskonale nadaje się do ozdabiania wypiekow i deserow. Swietnie równiez sprawdza się jako skladnik lukru czy polewy, które dzieki niemu są  elastyczne, nie pekaja i po wyschnieciu maja intensywnie swietlisty, bialy kolor."}, {"header": "Składniki i alergeny", "content": "Składniki:Cukier puderInne informacje o zawartości produktu:Zawiera surowce GMO:Nie, \n\nZawiera substancje konserwujące:Nie"}, {"header": "Wartość odżywcza", "content": "W 100 gWartość energetyczna kcal400 kcalZawartość tłuszczów (ogólnie)0 gKwasy tłuszczowe nasycone0 gKwasy tłuszczowe jednonienasycone0 gKwasy tłuszczowe wielonienasycone0 gZawartość węglowodanów100 gCukry100 gAlkohole wielowodorotlenowe - poliole0 gSkrobia0 gZawartość błonnika0 gZawartość białek0 gZawartość soli0 g"}, {"header": "Pozostałe informacje", "content": "Kraj pochodzenia:PolskaKraj pochodzenia zależy od konkretnej partii produktu jaka znajduje się w sklepie. Informację o kraju pochodzenia znajdziesz na opakowaniu. Możesz również dodać komentarz z preferowanym typem produktu w koszyku lub wiadomości dla shoppera (np. “prosze o pomidory polskie”).Producent:Cukrownia Środa\nul. Niedziałkowskiego 27\n63-000 Środa Wlkp.\n\nWyprodukowano dla:\nPfeifer & Langen Marketing Sp. z o.o.\nul. Mickiewicza 35,\n60-837 Poznań\nwww.diamant.plImporter:Pfeifer & Langen MarketingMickiewicza 35 60-837 Poznań PLpfeifer-langen@diamant.plNazwa wymagana prawnie:Diamant cukier puder 500g"}], "images": ["data/images/0f028e807b697832eb9cd886da298f9d.jpg"], "absolute_path": "Artykuły spożywcze/Produkty sypkie/Cukier/Produkt 2"}
{"name": "Produkt 4", "url": "https://zakupy.biedronka.pl/bakello-bakello-erytrytol-250-g-0000017482.html", "title": "Bakello Erytrytol 250 g", "brand": "Bakello", "price": "9.99 PLN", "packaging_details": "0.25kg- 39,96 zł / kg", "description_sections": [{"header": "Składniki i alergeny", "content": "Składniki:100% erytrytolu (E 968) substancja słodząca.Inne informacje o zawartości produktu:Zawiera surowce GMO:Nie"}, {"header": "Wartość odżywcza", "content": "W 100 gWartość energetyczna kcal0 kcalZawartość tłuszczów (ogólnie)0 gKwasy tłuszczowe nasycone0 gZawartość węglowodanów99.8 gCukry0 gAlkohole wielowodorotlenowe - poliole99.8 gZawartość błonnika0 gZawartość białek0 gZawartość soli0 g"}, {"header": "Pozostałe informacje", "content": "Dystrybutor:Jeronimo Martins Polska S.A.Żniwna 5 62-025 Kostrzyn PLImporter:Jeronimo Martins Polska S.A.Żniwna 5 62-025 Kostrzyn PLNazwa wymagana prawnie:Słodzik stołowy na bazie erytrytolu"}], "images": ["data/images/9925b9e440ba2e45eb5d20af4b42ce87.jpg"], "absolute_path": "Artykuły spożywcze/Produkty sypkie/Cukier/Produkt 4"}
{"name": "Produkt 3", "url": "https://zakupy.biedronka.pl/diamant-diamant-cukier-trzcinowy-demerara-500-g-0000002828.html", "title": "Diamant Cukier trzcinowy Demerara 500 g", "brand": "Diamant", "price": "5.49 PLN", "packaging_details": "0.5kg- 10,98 zł / kg", "description_sections": [{"header": "Opis produktu", "content": "Cukier trzcinowy DIAMANT Dry Demerara przeznaczony jest do słodzenia kawy, herbaty, drinków oraz egzotycznych koktajli mleczno-owocowych. Doskonały również do pieczenia ciast i ciasteczek. Jego połyskujące, grube, jasno-brązowe krysztaly wyśmienicie sprawdzają się jako dekoracja i efektowna posypka. Pakowny jest w eleganckie kartoniki 500g. Na tylnej ściance opakowania znajduje sie przepis na interesujacy wypiek, natomiast na frontowej, wyciete okienka, przez które widać produkt. Poza tym w kartoniku umieszczone sa woreczki strunowe, których wygodne i szczelne zamkniecie pozwala na łatwiejsze dozowanie cukru oraz chroni go przed wilgocią, zanieczyszczeniem i wysypywaniem się."}, {"header": "Składniki i alergeny", "content": "Składniki:Cukier trzcinowy Dry DemeraraInne informacje o zawartości produktu:Zawiera surowce GMO:Nie, \n\nZawiera substancje konserwujące:Nie"}, {"header": "Wartość odżywcza", "content": "W 100 gWartość energetyczna kcal400 kcalZawartość tłuszczów (ogólnie)0 gKwasy tłuszczowe nasycone0 gZawartość węglowodanów100 gCukry100 gZawartość białek0 gZawartość soli0.01 g"}, {"header": "Pozostałe informacje", "content": "Kraj pochodzenia:MauritiusKraj pochodzenia zależy od konkretnej partii produktu jaka znajduje się w sklepie. Informację o kraju pochodzenia znajdziesz na opakowaniu. Możesz również dodać komentarz z preferowanym typem produktu w koszyku lub wiadomości dla shoppera (np. “prosze o pomidory polskie”).Producent:Pfeifer & Langen Marketing Sp. z o.o.\nul. Mickiewicza 35\n60-837 PoznańDystrybutor:Pfeifer & Langen MarketingMickiewicza 35 60-837 PoznańNazwa wymagana prawnie:Diamant cukier trzcinowy Demerara 500g"}], "images": ["data/images/b999883f629bbf7dc5278377495a9f05.jpg", "data/images/188c0956c340c830b1bb38d1b281b80f.jpg"], "absolute_path": "Artykuły spożywcze/Produkty sypkie/Cukier/Produkt 3"}
{"name": "Produkt 1", "url": "https://zakupy.biedronka.pl/plony-natury-plony-natury-maka-pszenna-t-650-babuni-1-kg-0000000071.html", "title": "Plony Natury Mąka pszenna T 650 Babuni 1 kg", "brand": "Plony Natury", "price": "1.99 PLN", "packaging_details": "1kg- 1,99 zł / kg", "description_sections": [{"header": "Opis produktu", "content": "Mąka pszenna T 650 Babuni 1 kg"}, {"header": "Składniki i alergeny", "content": "Składniki:mąkapszenna100 %Alergeny:Zboża zawierajace glutenInne informacje o zawartości produktu:Zawiera surowce GMO:Nie, \n\nZawiera substancje konserwujące:Nie"}, {"header": "Wartość odżywcza", "content": "W 100 gWartość energetyczna kcal342 kcalZawartość tłuszczów (ogólnie)1.2 gKwasy tłuszczowe nasycone0.2 gZawartość węglowodanów69 gCukry0.5 gZawartość błonnika3.5 gZawartość białek12 gZawartość soli0 g"}, {"header": "Pozostałe informacje", "content": "Kraj pochodzenia:PolskaKraj pochodzenia zależy od konkretnej partii produktu jaka znajduje się w sklepie. Informację o kraju pochodzenia znajdziesz na opakowaniu. Możesz również dodać komentarz z preferowanym typem produktu w koszyku lub wiadomości dla shoppera (np. “prosze o pomidory polskie”).Producent:GoodMills Polska Sp. z o.o.Dystrybutor:GoodMills Polska sp. z o.o.ul. Diamentowa 2 47-341 Straduniabiuro@goodmills.plImporter:GoodMills Polska sp. z o.o.ul. Diamentowa 2 47-341 Stradunia PLbiuro@goodmills.plNazwa wymagana prawnie:Mąka pszenna T 650"}], "images": ["data/images/8a703da15d98779346e00438d5c17422.jpg"], "absolute_path": "Artykuły spożywcze/Produkty sypkie/Mąka/Produkt 1"}
{"name": "Produkt 4", "url": "https://zakupy.biedronka.pl/plony-natury-plony-natury-maka-tortowa-pszenna-t-450-1-kg-0000000072.html", "title": "Plony Natury Mąka tortowa pszenna T 450 1 kg", "brand": "Plony Natury", "price": "1.9 PLN", "packaging_details": "1kg ~ 1kg- 1,90 zł / kg", "description_sections": [{"header": "Opis produktu", "content": "Mąka pszenna T 450 Tortowa 1 kg"}, {"header": "Składniki i alergeny", "content": "Składniki:mąkapszenna100 %Alergeny:Zboża zawierajace glutenInne informacje o zawartości produktu:Zawiera surowce GMO:Nie, \n\nZawiera substancje konserwujące:Nie"}, {"header": "Wartość odżywcza", "content": "W 100 gWartość energetyczna kcal345 kcalZawartość tłuszczów (ogólnie)1.2 gKwasy tłuszczowe nasycone0.2 gZawartość węglowodanów71 gCukry0.5 gZawartość błonnika3 gZawartość białek11 gZawartość soli0 g"}, {"header": "Pozostałe informacje", "content": "Kraj pochodzenia:PolskaKraj pochodzenia zależy od konkretnej partii produktu jaka znajduje się w sklepie. Informację o kraju pochodzenia znajdziesz na opakowaniu. Możesz również dodać komentarz z preferowanym typem produktu w koszyku lub wiadomości dla shoppera (np. “prosze o pomidory polskie”).Producent:GoodMills Polska Sp. z o.o.Dystrybutor:GoodMills Polska sp. z o.o.ul. Diamentowa 2 47-341 Straduniabiuro@goodmills.plImporter:GoodMills Polska sp. z o.o.ul. Diamentowa 2 47-341 Stradunia PLbiuro@goodmills.plNazwa wymagana prawnie:Mąka pszenna T 450"}], "images": ["data/images/1f73b832c4242620a47e47b62042e31f.jpg"], "absolute_path": "Artykuły spożywcze/Produkty sypkie/Mąka/Produkt 4"}
{"name": "Produkt 3", "url": "https://zakupy.biedronka.pl/plony-natury-plony-natury-maka-pszenna-t-1850-pelnoziarnista-1-kg-0000003562.html", "title": "Plony Natury Mąka pszenna T 1850 Pełnoziarnista 1 kg", "brand": "Plony Natury", "price": "2.99 PLN", "packaging_details": "1kg- 2,99 zł / kg", "description_sections": [{"header": "Opis produktu", "content": "Mąka pszenna T 1850 Pełnoziarnista 1 kg"}, {"header": "Składniki i alergeny", "content": "Składniki:mąkapszenna100 %Alergeny:Zboża zawierajace glutenInne informacje o zawartości produktu:Zawiera surowce GMO:Nie, \n\nZawiera substancje konserwujące:Nie"}, {"header": "Pozostałe informacje", "content": "Kraj pochodzenia:PolskaKraj pochodzenia zależy od konkretnej partii produktu jaka znajduje się w sklepie. Informację o kraju pochodzenia znajdziesz na opakowaniu. Możesz również dodać komentarz z preferowanym typem produktu w koszyku lub wiadomości dla shoppera (np. “prosze o pomidory polskie”).Producent:GoodMills Polska Sp. z o.o.Dystrybutor:GoodMills Polska sp. z o.o.ul. Diamentowa 2 47-341 Straduniabiuro@goodmills.plImporter:GoodMills Polska sp. z o.o.ul. Diamentowa 2 47-341 Stradunia PLbiuro@goodmills.plNazwa wymagana prawnie:Mąka pszenna T 1850"}], "images": ["data/images/dcad2068bccda8a5789a518fe78397cf.jpg"], "absolute_path": "Artykuły spożywcze/Produkty sypkie/Mąka/Produkt 3"}
{"name": "Produkt 6", "url": "https://zakupy.biedronka.pl/plony-natury-plony-natury-maka-zytnia-t-2000-pelnoziarnista-1-kg-0000003561.html", "title": "Plony Natury Mąka żytnia T 2000 Pełnoziarnista 1 kg", "brand": "Plony Natury", "price": "2.99 PLN", "packaging_details": "1kg- 2,99 zł / kg", "description_sections": [{"header": "Opis produktu", "content": "Mąka żytnia T 2000 Pełnoziarnista 1 kg"}, {"header": "Składniki i alergeny", "content": "Składniki:mąkażytnia100 %Alergeny:Zboża zawierajace glutenInne informacje o zawartości produktu:Zawiera surowce GMO:Nie, \n\nZawiera substancje konserwujące:Nie"}, {"header": "Pozostałe informacje", "content": "Kraj pochodzenia:PolskaKraj pochodzenia zależy od konkretnej partii produktu jaka znajduje się w sklepie. Informację o kraju pochodzenia znajdziesz na opakowaniu. Możesz również dodać komentarz z preferowanym typem produktu w koszyku lub wiadomości dla shoppera (np. “prosze o pomidory polskie”).Producent:GoodMills Polska Sp. z o.o.Dystrybutor:GoodMills Polska sp. z o.o.ul. Diamentowa 2 47-341 Straduniabiuro@goodmills.plImporter:GoodMills Polska sp. z o.o.ul. Diamentowa 2 47-341 Stradunia PLbiuro@goodmills.plNazwa wymagana prawnie:Mąka żytnia T 2000"}], "images": ["data/images/3e02790bc9d55ac377e963417092241e.jpg"], "absolute_path": "Artykuły spożywcze/Produkty sypkie/Mąka/Produkt 6"}
{"name": "Produkt 2", "url": "https://zakupy.biedronka.pl/grula-grula-skrobia-ziemniaczana-1-kg-0000004066.html", "title": "Grula Skrobia ziemniaczana 1 kg", "brand": "Grula", "price": "6.29 PLN", "packaging_details": "1kg- 6,29 zł / kg", "description_sections": [{"header": "Składniki i alergeny", "content": "Składniki:Skrobia ziemniaczana superior standardInne informacje o zawartości produktu:Zawiera surowce GMO:Nie"}, {"header": "Wartość odżywcza", "content": "W 100 gWartość energetyczna kcal324 kcalZawartość tłuszczów (ogólnie)0 gKwasy tłuszczowe nasycone0 gZawartość węglowodanów81 gCukry0.6 gZawartość białek0 gZawartość soli0.1 g"}, {"header": "Pozostałe informacje", "content": "Producent:Przedsiębiorstwo Przemysłu Ziemniaczanego Trzemeszno Sp. z o.o.Dystrybutor:Jeronimo Martins Polska S.A.Żniwna 5 62-025 KostrzynImporter:Jeronimo Martins Polska S.A.Żniwna 5 62-025 Kostrzyn PLNazwa wymagana prawnie:Skrobia ziemniaczana superior standard"}], "images": ["data/images/06b82a60c0bd6846510960bad0206a6a.jpg", "data/images/cc88565b4b8f496c0531adea3510feda.jpg", "data/images/56b9a4606293ebc966287e1f302ca749.jpg"], "absolute_path": "Artykuły spożywcze/Produkty sypkie/Mąka/Produkt 2"}
{"name": "Produkt 1", "url": "https://zakupy.biedronka.pl/lubella-lubella-makaron-spaghetti-400-g-0000018644.html", "title": "Lubella Makaron spaghetti 400 g", "brand": "Lubella", "price": "5.19 PLN", "packaging_details": "0.4kg- 12,98 zł / kg", "description_sections": [{"header": "Składniki i alergeny", "content": "Składniki:mąka makaronowapszennaAlergeny:Może zawierać Soja, \n\nZawiera Pszenica"}, {"header": "Wartość odżywcza", "content": "W 100 gWartość energetyczna351 kcalTłuszcz1.4 gw tym kwasy tłuszczowe nasycone0.4 gWęglowodany70 gw tym cukry4.2 gBłonnik3 gBiałko13 gSól0.03 g"}, {"header": "Pozostałe informacje", "content": "Nazwa wymagana prawnie:Makaron spaghetti."}], "images": ["data/images/054de155536e3d9a0d5947d96928af51.jpg"], "absolute_path": "Artykuły spożywcze/Produkty sypkie/Makaron/Produkt 1"}
{"name": "Produkt 3", "url": "https://zakupy.biedronka.pl/pastani-pastani-makaron-durum-penne-500-g-0000000477.html", "title": "Pastani Makaron Durum Penne 500 g", "brand": "Pastani", "price": "3.42 PLN", "packaging_details": "0.5kg- 6,84 zł / kg", "description_sections": [{"header": "Opis produktu", "content": "Idealny makaron żeby poczuć klimat włoskiej kuchni w swoim domu. Nadaję się zarówno do zup, jak i też idealnie sprawdzi się do dań makaronowych. Dzięki swojemu nie powtarzalnemu smaku uraczy każde podniebienie."}, {"header": "Składniki i alergeny", "content": "Składniki:semolina zpszenicydurum. Produkt może zawieraćsoję.Alergeny:Zboża zawierajace gluten, \n\nPszenica i produkty z pszenicyInne informacje o zawartości produktu:Zawiera surowce GMO:Nie, \n\nOsłonka niejadalna:Nie, \n\nInformacje szczegółowe dotyczące środków słodzących:Nie, \n\nZawiera lukrecję:Nie, \n\nZawiera chininę:Nie, \n\nZawiera taurynę:Nie, \n\nZawiera przeciwutleniacze:Nie, \n\nZawiera wzmacniacze smaku:Nie, \n\nZawiera fosforany:Nie, \n\nZawiera barwniki:Nie, \n\nZawiera substancje konserwujące:Nie, \n\nZawiera kofeinę:Nie, \n\nŚrodki spozywcze z dodatkiem fitosteroli, estrów fitosteroli, fitostanoli lub estrów fitostanoli:Nie"}, {"header": "Wartość odżywcza", "content": "W 100 gWartość energetyczna kcal350 kcalZawartość tłuszczów (ogólnie)1.6 gKwasy tłuszczowe nasycone0.3 gZawartość węglowodanów69 gCukry4.1 gZawartość białek13 gZawartość soli0 g"}, {"header": "Przechowywanie i sposób przygotowania", "content": "Sposób przygotowania:Makaron wsypać do gotującej się wody (1 litr na 100 g makaronu).Posolić według uznania. Gotować na słabym ogniu, od czasu do czasu mieszając.Po upływie czasu wskazanego na opakowaniu, ugotowany, odcedzony i przepłukany wodą makaron gotowy jest do podania."}, {"header": "Pozostałe informacje", "content": "Kraj pochodzenia:PolskaKraj pochodzenia zależy od konkretnej partii produktu jaka znajduje się w sklepie. Informację o kraju pochodzenia znajdziesz na opakowaniu. Możesz również dodać komentarz z preferowanym typem produktu w koszyku lub wiadomości dla shoppera (np. “prosze o pomidory polskie”).Producent:MaspexDystrybutor:MW FOOD Sp. z o.o.Chopina 10 34-100 Wadowicemaspex@maspex.comImporter:MW FOOD Sp. z o.o.Chopina 10 34-100 Wadowice PLmaspex@maspex.comNazwa wymagana prawnie:Makaron Rurki"}], "images": ["data/images/b3fba4fdc2a8d2ea9c49118721b409e4.jpg"], "absolute_path": "Artykuły spożywcze/Produkty sypkie/Makaron/Produkt 3"}
{"name": "Produkt 7", "url": "https://zakupy.biedronka.pl/plony-natury-plony-natury-maka-orkiszowa-pelnoziarnista-typ-2000-1-kg-0000008383.html", "title": "Plony Natury Mąka orkiszowa pełnoziarnista typ 2000 1 kg", "brand": "Plony Natury", "price": "5.79 PLN", "packaging_details": "1kg- 5,79 zł / kg", "description_sections": [{"header": "Składniki i alergeny", "content": "Składniki:mąkaorkiszowa100%. Produkt może zawieraćsoję.Alergeny:Zboża zawierajace gluten, \n\nPszenica i produkty z pszenicy"}, {"header": "Pozostałe informacje", "content": "Nazwa wymagana prawnie:Mąka orkiszowa pełnoziarnista typ 2000"}], "images": ["data/images/4f57ae74ac1704574cee67f3923b0adc.jpg"], "absolute_path": "Artykuły spożywcze/Produkty sypkie/Mąka/Produkt 7"}
{"name": "Produkt 2", "url": "https://zakupy.biedronka.pl/pastani-pastani-makaron-pelnoziarnisty-penne--500-g-0000015931.html", "title": "Pastani Makaron pełnoziarnisty penne  500 g", "brand": "Pastani", "price": "4.59 PLN", "packaging_details": "0.5kg- 9,18 zł / kg", "description_sections": [{"header": "Opis produktu", "content": "Idealny makaron żeby poczuć klimat włoskiej kuchni w swoim domu. Nadaję się zarówno do zup ale też idealnie sprawdzi się do dań makaronowych. Dzięki swojemu nie powtarzalnemu smaku uraczy każde podniebienie. A jego pełnoziarnisty skład wzbogaca jego właściwości."}, {"header": "Składniki i alergeny", "content": "Składniki:mąka pełnoziarnista zpszenicydurum.Produkt może zawieraćsoję.Alergeny:Zboża zawierajace gluten, \n\nPszenica i produkty z pszenicyInne informacje o zawartości produktu:Zawiera surowce GMO:Nie, \n\nOsłonka niejadalna:Nie, \n\nInformacje szczegółowe dotyczące środków słodzących:Nie, \n\nZawiera lukrecję:Nie, \n\nZawiera chininę:Nie, \n\nZawiera taurynę:Nie, \n\nZawiera przeciwutleniacze:Nie, \n\nZawiera wzmacniacze smaku:Nie, \n\nZawiera fosforany:Nie, \n\nZawiera barwniki:Nie, \n\nZawiera substancje konserwujące:Nie, \n\nZawiera kofeinę:Nie, \n\nŚrodki spozywcze z dodatkiem fitosteroli, estrów fitosteroli, fitostanoli lub estrów fitostanoli:Nie"}, {"header": "Wartość odżywcza", "content": "W 100 gWartość energetyczna kcal156 kcalZawartość tłuszczów (ogólnie)1.4 gKwasy tłuszczowe nasycone0.3 gZawartość węglowodanów26 gCukry1 gZawartość błonnika5.6 gZawartość białek7.1 gZawartość soli0.02 gWitaminy i składniki mineralnew 100 g% RWS w 100 gFosfor120 mg0%Mangan1.2 mg0%Żelazo2.1 mg0%"}, {"header": "Przechowywanie i sposób przygotowania", "content": "Sposób przygotowania:Makaron wsypać do gotującej się wody (1 litr na 100 g makaronu).Posolić według uznania. Gotować na słabym ogniu, od czasu do czasu mieszając.Po upływie czasu wskazanego na opakowaniu, ugotowany, odcedzony i przepłukany wodą makaron gotowy jest do podania."}, {"header": "Pozostałe informacje", "content": "Kraj pochodzenia:PolskaKraj pochodzenia zależy od konkretnej partii produktu jaka znajduje się w sklepie. Informację o kraju pochodzenia znajdziesz na opakowaniu. Możesz również dodać komentarz z preferowanym typem produktu w koszyku lub wiadomości dla shoppera (np. “prosze o pomidory polskie”).Producent:MaspexDystrybutor:MW FOOD Sp. z o.o.Chopina 10 34-100 Wadowicemaspex@maspex.comJeronimo Martins Polska S.A.Żniwna 5 62-025 Kostrzyn PLImporter:MW FOOD Sp. z o.o.Chopina 10 34-100 Wadowice PLmaspex@maspex.comNazwa wymagana prawnie:Makaron Pełnoziarnisty Penne"}], "images": ["data/images/d384da2c7b119648f04ee8775c41e121.jpg"], "absolute_path": "Artykuły spożywcze/Produkty sypkie/Makaron/Produkt 2"}
{"name": "Produkt 8", "url": "https://zakupy.biedronka.pl/zlote-pola-zlote-pola-maka-pelnoziarnista-typ-1850-1-kg-0000003565.html", "title": "Złote Pola Mąka pełnoziarnista typ 1850 1 kg", "brand": "Złote Pola", "price": "2.99 PLN", "packaging_details": "1kg- 2,99 zł / kg", "description_sections": [{"header": "Opis produktu", "content": "Produkowana z całych ziaren specjalnie wyselekcjonowanego zboża."}, {"header": "Składniki i alergeny", "content": "Składniki:Mąkapszennapełnoziarnista typ 1850Alergeny:Zboża zawierajace gluten, \n\nPszenica i produkty z pszenicyInne informacje o zawartości produktu:Zawiera surowce GMO:Nie"}, {"header": "Wartość odżywcza", "content": "W 100 gWartość energetyczna kcal331 kcalZawartość tłuszczów (ogólnie)2.1 gKwasy tłuszczowe nasycone0.5 gZawartość węglowodanów59 gCukry2.1 gZawartość błonnika12 gZawartość białek13 gZawartość soli0 gWitaminy i składniki mineralnew 100 g% RWS w 100 gCynk2.6 mg26%Fosfor306 mg44%Magnez111 mg30%Tiamina (witamina B1)0.31 mg28%Żelazo4.2 mg30%"}, {"header": "Pozostałe informacje", "content": "Dystrybutor:Jeronimo Martins Polska S.A.Żniwna 5 62-025 Kostrzyn PLImporter:Jeronimo Martins Polska S.A.Żniwna 5 62-025 Kostrzyn PLNazwa wymagana prawnie:Mąka pszenna pełnoziarnista typ 1850"}], "images": ["data/images/a67a457a3eef70ca0c45e0789087ad88.jpg", "data/images/d1505b24e09cd3ba9cebbef1aefde68d.jpg", "data/images/563516f25fc5e2b24e4c51a9f8be72a0.jpg"], "absolute_path": "Artykuły spożywcze/Produkty sypkie/Mąka/Produkt 8"}
{"name": "Produkt 4", "url": "https://zakupy.biedronka.pl/pastani-pastani-makaron-swiderki--500-g-0000000478.html", "title": "Pastani Makaron Świderki  500 g", "brand": "Pastani", "price": "3.42 PLN", "packaging_details": "0.5kg- 6,84 zł / kg", "description_sections": [{"header": "Opis produktu", "content": "Idealny makaron żeby poczuć klimat włoskiej kuchni w swoim domu. Nadaję się zarówno do zup, jak i też idealnie sprawdzi się do dań makaronowych. Dzięki swojemu nie powtarzalnemu smaku uraczy każde podniebienie."}, {"header": "Składniki i alergeny", "content": "Składniki:semolina zpszenicydurum. Produkt może zawieraćsoję.Alergeny:Zboża zawierajace gluten, \n\nPszenica i produkty z pszenicyInne informacje o zawartości produktu:Zawiera surowce GMO:Nie, \n\nOsłonka niejadalna:Nie, \n\nInformacje szczegółowe dotyczące środków słodzących:Nie, \n\nZawiera lukrecję:Nie, \n\nZawiera chininę:Nie, \n\nZawiera taurynę:Nie, \n\nZawiera przeciwutleniacze:Nie, \n\nZawiera wzmacniacze smaku:Nie, \n\nZawiera fosforany:Nie, \n\nZawiera barwniki:Nie, \n\nZawiera substancje konserwujące:Nie, \n\nZawiera kofeinę:Nie, \n\nŚrodki spozywcze z dodatkiem fitosteroli, estrów fitosteroli, fitostanoli lub estrów fitostanoli:Nie"}, {"header": "Wartość odżywcza", "content": "W 100 gWartość energetyczna kcal350 kcalZawartość tłuszczów (ogólnie)1.6 gKwasy tłuszczowe nasycone0.3 gZawartość węglowodanów69 gCukry4.1 gZawartość białek13 gZawartość soli0 g"}, {"header": "Przechowywanie i sposób przygotowania", "content": "Sposób przygotowania:Makaron wsypać do gotującej się wody (1 litr na 100 g makaronu).Posolić według uznania. Gotować na słabym ogniu, od czasu do czasu mieszając.Po upływie czasu wskazanego na opakowaniu, ugotowany, odcedzony i przepłukany wodą makaron gotowy jest do podania."}, {"header": "Pozostałe informacje", "content": "Kraj pochodzenia:PolskaKraj pochodzenia zależy od konkretnej partii produktu jaka znajduje się w sklepie. Informację o kraju pochodzenia znajdziesz na opakowaniu. Możesz również dodać komentarz z preferowanym typem produktu w koszyku lub wiadomości dla shoppera (np. “prosze o pomidory polskie”).Dystrybutor:MW FOOD Sp. z o.o.Chopina 10 34-100 Wadowicemaspex@maspex.comNazwa wymagana prawnie:Makaron Świderek"}], "images": ["data/images/4feeecb1c081b3d554009cc477007073.jpg"], "absolute_path": "Artykuły spożywcze/Produkty sypkie/Makaron/Produkt 4"}
{"name": "Produkt 5", "url": "https://zakupy.biedronka.pl/barilla-barilla-makaron-z-pszenicy-durum-spaghetti-1000-g-0000003650.html", "title": "Barilla Makaron z pszenicy durum spaghetti 1000 g", "brand": "Barilla", "price": "11.49 PLN", "packaging_details": "1kg- 11,49 zł / kg", "description_sections": [{"header": "Składniki i alergeny", "content": "Alergeny:Może zawierać Gorczyca, \n\nMoże zawierać Soja"}, {"header": "Wartość odżywcza", "content": "W 100 gWartość energetyczna359 kcalTłuszcz2 gw tym kwasy tłuszczowe nasycone0.5 gWęglowodany71 gw tym cukry3.5 gBłonnik3 gBiałko13 gSól0.01 g"}, {"header": "Przechowywanie i sposób przygotowania", "content": "Sposób podania:Czas gotowania: 10 minut."}, {"header": "Pozostałe informacje", "content": "Producent:Barilla G. e R. Fratelli\nSocietà per Azioni\nVia Mantova, 166\n43122 Parma\nItalyDystrybutor:Jeronimo Martins Polska S.A.Żniwna 5 62-025 Kostrzyn PLImporter:Jeronimo Martins Polska S.A.Żniwna 5 62-025 Kostrzyn PLNazwa wymagana prawnie:Makaron z semoliny z pszenicy durum."}], "images": ["data/images/336aa0b6f4da9b2207c224181e3336f0.jpg"], "absolute_path": "Artykuły spożywcze/Produkty sypkie/Makaron/Produkt 5"}
{"name": "Produkt 6", "url": "https://zakupy.biedronka.pl/pastani-pastani-makaron-spaghetti-pelnoziarnisty-500-g-0000008717.html", "title": "Pastani Makaron spaghetti pełnoziarnisty 500 g", "brand": "Pastani", "price": "4.59 PLN", "packaging_details": "0.5kg- 9,18 zł / kg", "description_sections": [{"header": "Opis produktu", "content": "Makaron wyprodukowany z mąki z pszenicy durum jest łatwiejszy w przygotowaniu - nie skleja się, jest sprężysty i zachowuje swój kształt."}, {"header": "Składniki i alergeny", "content": "Składniki:mąka pełnoziarnista zpszenicytwardej (Triticum durum). Produkt może zawieraćjaja.Alergeny:Zboża zawierajace gluten, \n\nPszenica i produkty z pszenicyInne informacje o zawartości produktu:Zawiera surowce GMO:Nie"}, {"header": "Wartość odżywcza", "content": "W 100 gWartość energetyczna kcal156 kcalZawartość tłuszczów (ogólnie)1 gKwasy tłuszczowe nasycone0.2 gZawartość węglowodanów27 gCukry0.8 gZawartość błonnika5.4 gZawartość białek7 gZawartość soli0.01 gWitaminy i składniki mineralnew 100 g% RWS w 100 gFosfor128 mg18%Mangan1.41 mg71%"}, {"header": "Przechowywanie i sposób przygotowania", "content": "Sposób przygotowania:Zagotować wodę w proporcji 1 litr wody na 100 g makaronu. Do gotującej się wody wrzucać stopniowo makaron, nie przerywając wrzenia. Gotować na słabym ogniu, od czasu do czasu mieszając. Po ugotowaniu makaron odcedzić i podawać. Czas gotowania: 12 minut."}, {"header": "Pozostałe informacje", "content": "Producent:MaspexDystrybutor:MW FOOD Sp. z o.o.Chopina 10 34-100 Wadowicemaspex@maspex.comJeronimo Martins Polska S.A.Żniwna 5 62-025 Kostrzyn PLImporter:Jeronimo Martins Polska S.A.Żniwna 5 62-025 Kostrzyn PLbok@biedronka.plNazwa wymagana prawnie:Pastani Makaron pełnoziarnisty spaghetti"}], "images": ["data/images/d6172fb8ce8ab80cb3f8f0d57cdc2180.jpg", "data/images/ce6798e32b327b64d7afddffa40dc544.jpg"], "absolute_path": "Artykuły spożywcze/Produkty sypkie/Makaron/Produkt 6"}
{"name": "Produkt 8", "url": "https://zakupy.biedronka.pl/pastani-pastani--makaron-orzo-durum-500-g-0000006839.html", "title": "Pastani  Makaron Orzo Durum 500 g", "brand": "Pastani", "price": "4.89 PLN", "packaging_details": "0.5kg- 9,78 zł / kg", "description_sections": [{"header": "Składniki i alergeny", "content": "Składniki:semolina zpszenicytwardej (Triticum durum).Alergeny:Zboża zawierajace gluten, \n\nPszenica i produkty z pszenicyInne informacje o zawartości produktu:Zawiera surowce GMO:Nie, \n\nDodatkowe informacje na temat produktu:Al dente 14 min, Miękki 16 min."}, {"header": "Wartość odżywcza", "content": "W 100 gWartość energetyczna kcal354 kcalZawartość tłuszczów (ogólnie)1.5 gKwasy tłuszczowe nasycone0.3 gZawartość węglowodanów72 gCukry3.8 gZawartość białek12 gZawartość soli0.03 g"}, {"header": "Przechowywanie i sposób przygotowania", "content": "Sposób przygotowania:Na każde 100 g makaronu należy użyć 1 l wody i 10 g soli. Wrzucić makaron do osolonej, wrzącej wody i zamieszać. Gotować 14-16 minut, mieszając od czasu do czasu. Makaron odcedzić, pozostawiając niewielką ilość wody. Dodać oliwę lub masło."}, {"header": "Pozostałe informacje", "content": "Producent:BLM Polska Sp. z .o.Dystrybutor:Jeronimo Martins Polska S.A.Żniwna 5 62-025 KostrzynImporter:Jeronimo Martins Polska S.A.Żniwna 5 62-025 Kostrzyn PLNazwa wymagana prawnie:Makaron orzo z semoliny z pszenicy durum"}], "images": ["data/images/28a1bbb21109d32bfc5e305c37939b4d.jpg", "data/images/582650b65027e05ffe4af2d497ee9c31.jpg", "data/images/ed5d5c7b2da2838b2ed284d9510ec5be.jpg"], "absolute_path": "Artykuły spożywcze/Produkty sypkie/Makaron/Produkt 8"}
{"name": "Produkt 7", "url": "https://zakupy.biedronka.pl/pastani-pastani-makaron-tagliatelle-400-g-0000004417.html", "title": "Pastani Makaron Tagliatelle 400 g", "brand": "Pastani", "price": "5.49 PLN", "packaging_details": "0.4kg- 13,73 zł / kg", "description_sections": [{"header": "Opis produktu", "content": "Nutriscore:A"}, {"header": "Składniki i alergeny", "content": "Składniki:mąka zpszenicytwardej (Triticum durum). Produkt może zawieraćjaja.Alergeny:Zboża zawierajace gluten, \n\nPszenica i produkty z pszenicyInne informacje o zawartości produktu:Zawiera surowce GMO:Nie, \n\nPoziom znakowania Nutriscore:A"}, {"header": "Wartość odżywcza", "content": "W 100 gWartość energetyczna kcal354 kcalZawartość tłuszczów (ogólnie)1.5 gKwasy tłuszczowe nasycone0.4 gZawartość węglowodanów71 gCukry2.9 gZawartość błonnika3 gZawartość białek12 gZawartość soli0.01 g"}, {"header": "Przechowywanie i sposób przygotowania", "content": "Sposób przygotowania:Makaron wsypać do posolonej, gotującej się wody (1 litr wody na 100 g makaronu), od czasu do czasu mieszając. Gotować przez 7-8 minut, następnie ugotowany makaron odcedzić i podać. Czas gotowania zależy od indywidualnych preferencji dotyczących twardości makaronu."}, {"header": "Pozostałe informacje", "content": "Dystrybutor:Jeronimo Martins Polska S.A.Żniwna 5 62-025 KostrzynJeronimo Martins Polska S.A.Żniwna 5 62-025 Kostrzyn PLImporter:Jeronimo Martins Polska S.A.Żniwna 5 62-025 Kostrzyn PLbok@biedronka.plNazwa wymagana prawnie:Makaron gniazda wstążki"}], "images": ["data/images/236d5b028d1efd3f9adf232b0e38cfd7.jpg", "data/images/ac12509280f721b275f998a59594bf01.jpg", "data/images/c531c2b4eee20843c735f747395fbcf4.jpg"], "absolute_path": "Artykuły spożywcze/Produkty sypkie/Makaron/Produkt 7"}
{"name": "Produkt 10", "url": "https://zakupy.biedronka.pl/pastani-pastani-makaron-pelnoziarnisty-swiderki--500-g-0000015930.html", "title": "Pastani Makaron pełnoziarnisty świderki  500 g", "brand": "Pastani", "price": "4.59 PLN", "packaging_details": "0.5kg- 9,18 zł / kg", "description_sections": [{"header": "Opis produktu", "content": "Idealny makaron żeby poczuć klimat włoskiej kuchni w swoim domu. Nadaję się zarówno do zup ale też idealnie sprawdzi się do dań makaronowych. Dzięki swojemu nie powtarzalnemu smaku uraczy każde podniebienie. A jego pełnoziarnisty skład wzbogaca jego właściwości."}, {"header": "Składniki i alergeny", "content": "Składniki:mąka pełnoziarnista zpszenicydurum. Produkt może zawieraćsoję.Alergeny:Zboża zawierajace gluten, \n\nPszenica i produkty z pszenicyInne informacje o zawartości produktu:Zawiera surowce GMO:Nie, \n\nOsłonka niejadalna:Nie, \n\nInformacje szczegółowe dotyczące środków słodzących:Nie, \n\nZawiera lukrecję:Nie, \n\nZawiera chininę:Nie, \n\nZawiera taurynę:Nie, \n\nZawiera przeciwutleniacze:Nie, \n\nZawiera wzmacniacze smaku:Nie, \n\nZawiera fosforany:Nie, \n\nZawiera barwniki:Nie, \n\nZawiera substancje konserwujące:Nie, \n\nZawiera kofeinę:Nie, \n\nŚrodki spozywcze z dodatkiem fitosteroli, estrów fitosteroli, fitostanoli lub estrów fitostanoli:Nie"}, {"header": "Wartość odżywcza", "content": "W 100 gWartość energetyczna kcal156 kcalZawartość tłuszczów (ogólnie)1.4 gKwasy tłuszczowe nasycone0.3 gZawartość węglowodanów26 gCukry1 gZawartość błonnika5.6 gZawartość białek7.1 gZawartość soli0.02 gWitaminy i składniki mineralnew 100 g% RWS w 100 gFosfor120 mg0%Mangan1.2 mg0%Żelazo2.1 mg0%"}, {"header": "Przechowywanie i sposób przygotowania", "content": "Sposób przygotowania:Makaron wsypać do gotującej się wody (1 litr na 100 g makaronu).Posolić według uznania. Gotować na słabym ogniu, od czasu do czasu mieszając.Po upływie czasu wskazanego na opakowaniu, ugotowany, odcedzony i przepłukany wodą makaron gotowy jest do podania."}, {"header": "Pozostałe informacje", "content": "Kraj pochodzenia:PolskaKraj pochodzenia zależy od konkretnej partii produktu jaka znajduje się w sklepie. Informację o kraju pochodzenia znajdziesz na opakowaniu. Możesz również dodać komentarz z preferowanym typem produktu w koszyku lub wiadomości dla shoppera (np. “prosze o pomidory polskie”).Producent:MaspexImporter:MW FOOD Sp. z o.o.Chopina 10 34-100 Wadowice PLmaspex@maspex.comNazwa wymagana prawnie:Makaron Pełnoziarnisty Świderki"}], "images": ["data/images/189e92a88f8e6f53f105b2ac6c548973.jpg"], "absolute_path": "Artykuły spożywcze/Produkty sypkie/Makaron/Produkt 10"}
{"name": "Produkt 9", "url": "https://zakupy.biedronka.pl/asia-flavours-asia-flavours-makaron-ryzowy-5-mm-200g-0001150899.html", "title": "Asia Flavours Makaron ryżowy 5 mm 200g", "brand": "Asia Flavours", "price": "6.29 PLN", "packaging_details": "0.2kg- 31,45 zł / kg", "description_sections": [{"header": "Składniki i alergeny", "content": "Składniki:Mąka ryżowa 88,4%, skrobia z tapioki 7,3%, woda, sól."}, {"header": "Przechowywanie i sposób przygotowania", "content": "Sposób podania:Może być stosowany do dań smażonych oraz zup."}, {"header": "Pozostałe informacje", "content": "Kraj pochodzenia:WietnamKraj pochodzenia zależy od konkretnej partii produktu jaka znajduje się w sklepie. Informację o kraju pochodzenia znajdziesz na opakowaniu. Możesz również dodać komentarz z preferowanym typem produktu w koszyku lub wiadomości dla shoppera (np. “prosze o pomidory polskie”).Dystrybutor:Jeronimo Martins Polska S.A.Żniwna 5 62-025 Kostrzyn PLImporter:Jeronimo Martins Polska S.A.Żniwna 5 62-025 Kostrzyn PLNazwa wymagana prawnie:Makaron ryżowy w formie wstążek 5 mm"}], "images": ["data/images/82b24d7471b960639336657f87793298.jpg"], "absolute_path": "Artykuły spożywcze/Produkty sypkie/Makaron/Produkt 9"}
{"name": "Produkt 12", "url": "https://zakupy.biedronka.pl/lubella-lubella-makaron-piora-400-g-0000007582.html", "title": "Lubella Makaron pióra 400 g", "brand": "Lubella", "price": "5.19 PLN", "packaging_details": "0.4kg- 12,98 zł / kg", "description_sections": [{"header": "Składniki i alergeny", "content": "Składniki:mąka makaronowapszennaAlergeny:Może zawierać Soja, \n\nZawiera Pszenica"}, {"header": "Wartość odżywcza", "content": "W 100 gWartość energetyczna351 kcalTłuszcz1.4 gw tym kwasy tłuszczowe nasycone0.4 gWęglowodany70 gw tym cukry4.2 gBłonnik3 gBiałko13 gSól0.03 g"}, {"header": "Przechowywanie i sposób przygotowania", "content": "Sposób podania:Jak ugotować makaron?Na każde 100 g makaronu zagotuj 1 l posolonej wody. Wrzuć makaron, gotuj 8-10 minut, od czasu do czasu mieszając. Następnie odcedź.Jak odmierzyć 100 g makaronu?Odmierz 1 i 1/4 szklanki makaronui gotowe!"}, {"header": "Pozostałe informacje", "content": "Producent:MW FOOD Sp. z o.o. Sp.k.\nul. Chopina 10,\n34-100 Wadowice\nwww.lubella.plDystrybutor:MW FOOD Sp. z o.o. Sp.k.ul. Chopina 10 34-100  WadowiceNazwa wymagana prawnie:Makaron pióra."}], "images": ["data/images/cf62fa8e23c4382f783ae9a32cc58480.jpg"], "absolute_path": "Artykuły spożywcze/Produkty sypkie/Makaron/Produkt 12"}
{"name": "Produkt 11", "url": "https://zakupy.biedronka.pl/pastani-pastani-makaron-cavatappi-durum-500-g-0000003352.html", "title": "Pastani Makaron Cavatappi Durum 500 g", "brand": "Pastani", "price": "4.49 PLN", "packaging_details": "0.5kg- 8,98 zł / kg", "description_sections": [{"header": "Opis produktu", "content": "Idealny makaron żeby poczuć klimat włoskiej kuchni w swoim domu. Nadaję się zarówno do zup ale też idealnie sprawdzi się do dań makaronowych. Dzięki swojemu nie powtarzalnemu smaku uraczy każde podniebienie."}, {"header": "Składniki i alergeny", "content": "Składniki:semolina zpszenicydurum. Produkt może zawieraćsoję.Alergeny:Zboża zawierajace gluten, \n\nPszenica i produkty z pszenicyInne informacje o zawartości produktu:Zawiera surowce GMO:Nie, \n\nOsłonka niejadalna:Nie, \n\nInformacje szczegółowe dotyczące środków słodzących:Nie, \n\nZawiera lukrecję:Nie, \n\nZawiera chininę:Nie, \n\nZawiera taurynę:Nie, \n\nZawiera przeciwutleniacze:Nie, \n\nZawiera wzmacniacze smaku:Nie, \n\nZawiera fosforany:Nie, \n\nZawiera barwniki:Nie, \n\nZawiera substancje konserwujące:Nie, \n\nZawiera kofeinę:Nie, \n\nŚrodki spozywcze z dodatkiem fitosteroli, estrów fitosteroli, fitostanoli lub estrów fitostanoli:Nie"}, {"header": "Wartość odżywcza", "content": "W 100 gWartość energetyczna kcal350 kcalZawartość tłuszczów (ogólnie)1.6 gKwasy tłuszczowe nasycone0.3 gZawartość węglowodanów69 gCukry4.1 gZawartość błonnika3.6 gZawartość białek13 gZawartość soli0 g"}, {"header": "Przechowywanie i sposób przygotowania", "content": "Sposób przygotowania:Makaron wsypać do gotującej się wody (1 litr na 100 g makaronu).Posolić według uznania. Gotować na słabym ogniu, od czasu do czasu mieszając.Po upływie czasu wskazanego na opakowaniu, ugotowany, odcedzony i przepłukany wodą makaron gotowy jest do podania."}, {"header": "Pozostałe informacje", "content": "Kraj pochodzenia:PolskaKraj pochodzenia zależy od konkretnej partii produktu jaka znajduje się w sklepie. Informację o kraju pochodzenia znajdziesz na opakowaniu. Możesz również dodać komentarz z preferowanym typem produktu w koszyku lub wiadomości dla shoppera (np. “prosze o pomidory polskie”).Dystrybutor:MW FOOD Sp. z o.o.Chopina 10 34-100 Wadowicemaspex@maspex.comNazwa wymagana prawnie:Makaron Cavatappi"}], "images": ["data/images/54e4c25c1895099e09ef8f289e811bc8.jpg"], "absolute_path": "Artykuły spożywcze/Produkty sypkie/Makaron/Produkt 11"}
{"name": "Produkt 13", "url": "https://zakupy.biedronka.pl/go-vege-go-vege-penne-100-z-zielonego-groszku-250-g-0000005823.html", "title": "Go Vege Penne 100 % z zielonego groszku 250 g", "brand": "Go Vege", "price": "5.89 PLN", "packaging_details": "0.25kg- 23,56 zł / kg", "description_sections": [{"header": "Opis produktu", "content": "Do wyprodukowania tego makaronu używamy tylko JEDNEGO składnika - zielonego groszku. Makaron ten charakteryzuje się wysoką zawartością białka, stanowi również źródło błonnika pokarmowego. Produkt bezglutenowy. To idealny produkt dla sportowców, wegetarian, wegan i osób ceniących aktywny tryb życia, ale także dla wszystkich, którzy są ciekawych nowych smaków. Co więcej, smakuje po prostu wyśmienicie!"}, {"header": "Składniki i alergeny", "content": "Składniki:mąka z zielonego groszku 100%Inne informacje o zawartości produktu:Zawiera surowce GMO:Nie"}, {"header": "Wartość odżywcza", "content": "W 100 gWartość energetyczna kcal374 kcalZawartość tłuszczów (ogólnie)1.6 gKwasy tłuszczowe nasycone0.2 gZawartość węglowodanów63 gCukry5.5 gZawartość błonnika10 gZawartość białek22 gZawartość soli0 g"}, {"header": "Przechowywanie i sposób przygotowania", "content": "Sposób przygotowania:Sposób przygotowania: Makaron wsypać do wrzącej, osolonej wcześniej wody (1 litr wody na 100 g makaronu). Gotować na wolnym ogniu, często mieszając. Po upływie czasu wskazanego na opakowaniu, ugotowany i odcedzony makaron gotowy jest do podania.Al dente 7 min, miękki 9 min."}, {"header": "Pozostałe informacje", "content": "Producent:Jeronimo Martins Polska S.A.Dystrybutor:Jeronimo Martins Polska S.A.Żniwna 5 62-025 KostrzynImporter:Jeronimo Martins Polska S.A.Żniwna 5 62-025 Kostrzyn PLNazwa wymagana prawnie:Penne z zielonego groszku, białkowy makaron bezglutenowy. Odpowiedni dla wegan."}], "images": ["data/images/ebbd0a237d70d554da9aaff2f85a5632.jpg", "data/images/8b0528f34abfd223f710c33160441110.jpg", "data/images/bc98c64ab2e0335bf602317800dcfebf.jpg", "data/images/0f8750bbb9dce35282bfa52915509885.jpg"], "absolute_path": "Artykuły spożywcze/Produkty sypkie/Makaron/Produkt 13"}
{"name": "Produkt 17", "url": "https://zakupy.biedronka.pl/pastani-pastani-makaron-spaghetti-durum-500-g-0000000476.html", "title": "Pastani Makaron Spaghetti Durum 500 g", "brand": "Pastani", "price": "2.99 PLN", "packaging_details": "0.5kg- 5,98 zł / kg", "description_sections": [{"header": "Opis produktu", "content": "Idealny makaron żeby poczuć klimat włoskiej kuchni w swoim domu. Poprzez swoją długość nasze ulubione spaghetti w połączeniu z odpowiednim sosem będzie tym co może nam zaoferować dobra włoska restauracja. Dzięki swojemu nie powtarzalnemu smaku uraczy każde podniebienie."}, {"header": "Składniki i alergeny", "content": "Składniki:semolina zpszenicytwardej (Triticum durum) Produkt może zawieraćjaja.Alergeny:Zboża zawierajace gluten, \n\nPszenica i produkty z pszenicyInne informacje o zawartości produktu:Zawiera surowce GMO:Nie, \n\nOsłonka niejadalna:Nie, \n\nInformacje szczegółowe dotyczące środków słodzących:Nie, \n\nZawiera lukrecję:Nie, \n\nZawiera chininę:Nie, \n\nZawiera taurynę:Nie, \n\nZawiera przeciwutleniacze:Nie, \n\nZawiera wzmacniacze smaku:Nie, \n\nZawiera fosforany:Nie, \n\nZawiera barwniki:Nie, \n\nZawiera substancje konserwujące:Nie, \n\nZawiera kofeinę:Nie, \n\nŚrodki spozywcze z dodatkiem fitosteroli, estrów fitosteroli, fitostanoli lub estrów fitostanoli:Nie"}, {"header": "Wartość odżywcza", "content": "W 100 gWartość energetyczna kcal375 kcalZawartość tłuszczów (ogólnie)2.1 gKwasy tłuszczowe nasycone0.8 gZawartość węglowodanów74 gCukry2.8 gZawartość błonnika4 gZawartość białek13 gZawartość soli0 g"}, {"header": "Przechowywanie i sposób przygotowania", "content": "Sposób przygotowania:Makaron wsypać do gotującej się wody (1 litr na 100 g makaronu).Posolić według uznania. Gotować przez 9-11 minut, od czasu do czasu mieszając.Po upływie czasu wskazanego na opakowaniu, ugotowany, odcedzony makaron gotowy jest do podania."}, {"header": "Pozostałe informacje", "content": "Kraj pochodzenia:PolskaKraj pochodzenia zależy od konkretnej partii produktu jaka znajduje się w sklepie. Informację o kraju pochodzenia znajdziesz na opakowaniu. Możesz również dodać komentarz z preferowanym typem produktu w koszyku lub wiadomości dla shoppera (np. “prosze o pomidory polskie”).Dystrybutor:MW FOOD Sp. z o.o.Chopina 10 34-100 Wadowicemaspex@maspex.comNazwa wymagana prawnie:Makaron Spaghetti"}], "images": ["data/images/8f1d888c1ed4864512792a5330e5378c.jpg"], "absolute_path": "Artykuły spożywcze/Produkty sypkie/Makaron/Produkt 17"}
{"name": "Produkt 15", "url": "https://zakupy.biedronka.pl/lubella-lubella-makaron-swiderki-400-g-0000007583.html", "title": "Lubella Makaron świderki 400 g", "brand": "Lubella", "price": "4.89 PLN", "packaging_details": "0.4kg- 12,23 zł / kg", "description_sections": [{"header": "Składniki i alergeny", "content": "Składniki:mąka makaronowapszennaAlergeny:Może zawierać Soja, \n\nZawiera Pszenica"}, {"header": "Wartość odżywcza", "content": "W 100 gWartość energetyczna351 kcalTłuszcz1.4 gw tym kwasy tłuszczowe nasycone0.4 gWęglowodany70 gw tym cukry4.2 gBłonnik3 gBiałko13 gSól0.03 g"}, {"header": "Pozostałe informacje", "content": "Producent:MW FOOD Sp. z o.o. Sp.k.\nul. Chopina 10,\n34-100 Wadowice\nwww.lubella.plDystrybutor:MW FOOD Sp. z o.o. Sp.k.ul. Chopina 10 34-100  WadowiceNazwa wymagana prawnie:Makaron świderki."}], "images": ["data/images/58faf7587933103d8c174c63aa3fa05e.jpg"], "absolute_path": "Artykuły spożywcze/Produkty sypkie/Makaron/Produkt 15"}
{"name": "Produkt 16", "url": "https://zakupy.biedronka.pl/pastani-pastani-makaron-kokardki-durum-500-g-0000003440.html", "title": "Pastani Makaron kokardki Durum 500 g", "brand": "Pastani", "price": "3.99 PLN", "packaging_details": "0.5kg- 7,98 zł / kg", "description_sections": [{"header": "Opis produktu", "content": "Idealny makaron żeby poczuć klimat włoskiej kuchni w swoim domu. Nadaję się zarówno do zup ale też idealnie sprawdzi się do dań makaronowych. Dzięki swojemu nie powtarzalnemu smaku uraczy każde podniebienie."}, {"header": "Składniki i alergeny", "content": "Składniki:semolina zpszenicydurum. Produkt może zawieraćsoję.Alergeny:Zboża zawierajace gluten, \n\nPszenica i produkty z pszenicyInne informacje o zawartości produktu:Zawiera surowce GMO:Nie, \n\nOsłonka niejadalna:Nie, \n\nInformacje szczegółowe dotyczące środków słodzących:Nie, \n\nZawiera lukrecję:Nie, \n\nZawiera chininę:Nie, \n\nZawiera taurynę:Nie, \n\nZawiera przeciwutleniacze:Nie, \n\nZawiera wzmacniacze smaku:Nie, \n\nZawiera fosforany:Nie, \n\nZawiera barwniki:Nie, \n\nZawiera substancje konserwujące:Nie, \n\nZawiera kofeinę:Nie, \n\nŚrodki spozywcze z dodatkiem fitosteroli, estrów fitosteroli, fitostanoli lub estrów fitostanoli:Nie"}, {"header": "Wartość odżywcza", "content": "W 100 gWartość energetyczna kcal350 kcalZawartość tłuszczów (ogólnie)1.6 gKwasy tłuszczowe nasycone0.3 gZawartość węglowodanów69 gCukry4.1 gZawartość błonnika3.6 gZawartość białek13 gZawartość soli0 g"}, {"header": "Przechowywanie i sposób przygotowania", "content": "Sposób przygotowania:Makaron wsypać do gotującej się wody (1 litr na 100 g makaronu).Posolić według uznania. Gotować na słabym ogniu, od czasu do czasu mieszając.Po upływie czasu wskazanego na opakowaniu, ugotowany, odcedzony i przepłukany wodą makaron gotowy jest do podania."}, {"header": "Pozostałe informacje", "content": "Kraj pochodzenia:PolskaKraj pochodzenia zależy od konkretnej partii produktu jaka znajduje się w sklepie. Informację o kraju pochodzenia znajdziesz na opakowaniu. Możesz również dodać komentarz z preferowanym typem produktu w koszyku lub wiadomości dla shoppera (np. “prosze o pomidory polskie”).Producent:MaspexImporter:MW FOOD Sp. z o.o.Chopina 10 34-100 Wadowice PLmaspex@maspex.comNazwa wymagana prawnie:Makaron Kokardki"}], "images": ["data/images/8ccc35a84055d7f1a9c984611cd7c31e.jpg"], "absolute_path": "Artykuły spożywcze/Produkty sypkie/Makaron/Produkt 16"}
{"name": "Produkt 18", "url": "https://zakupy.biedronka.pl/makaron-szlachecki-makaron-szlachecki-4-jajeczny-kluski-tarte-500-g-0000017781.html", "title": "Makaron Szlachecki 4-jajeczny Kluski tarte 500 g", "brand": "Makaron Szlachecki", "price": "6.99 PLN", "packaging_details": "0.5kg- 13,98 zł / kg", "description_sections": [{"header": "Składniki i alergeny", "content": "Składniki:semolina - mąka zpszenicydurum, mąka zpszenicyzwyczajnej, masa jajowa* pasteryzowana 16,6%. * Zjajod kur z chowu ściółkowego.Alergeny:Jaja i produkty pochodne, \n\nZboża zawierajace gluten, \n\nPszenica i produkty z pszenicyInne informacje o zawartości produktu:Zawiera surowce GMO:Nie"}, {"header": "Wartość odżywcza", "content": "W 100 gWartość energetyczna kcal362 kcalZawartość tłuszczów (ogólnie)2.4 gKwasy tłuszczowe nasycone0.8 gZawartość węglowodanów69 gCukry1.5 gZawartość białek15 gZawartość soli0.04 g"}, {"header": "Przechowywanie i sposób przygotowania", "content": "Sposób przygotowania:Makaron wsypać do wrzącej, osolonej wcześniej wody (1 litr wody na 100 g makaronu), od czasu do czasu mieszając. Po upływie 11-13 minut ugotowany i odcedzony makaron gotowy jest do podania."}, {"header": "Pozostałe informacje", "content": "Dystrybutor:Jeronimo Martins Polska S.A.Żniwna 5 62-025 Kostrzyn PLImporter:Jeronimo Martins Polska S.A.Żniwna 5 62-025 Kostrzyn PLNazwa wymagana prawnie:Makaron 4-jajeczny. Kluski tarte"}], "images": ["data/images/937ad0da3f12f99f19f8cfb4bc300407.jpg", "data/images/224d50d664954b6ebb34aa39601e7091.jpg"], "absolute_path": "Artykuły spożywcze/Produkty sypkie/Makaron/Produkt 18"}
{"name": "Produkt 14", "url": "https://zakupy.biedronka.pl/szlachecki-szlachecki-makaron-5-jajeczny-250-g-0000001857.html", "title": "Szlachecki Makaron 5 jajeczny 250 g", "brand": "Szlachecki", "price": "3.49 PLN", "packaging_details": "0.25kg- 13,96 zł / kg", "description_sections": [{"header": "Opis produktu", "content": "Makaron szlachecki 5 jajeczny jest to tradycyjny makaron do zup, wyprodukowany z najlepszych mąk z dodatkiem jaj od kur z chowu ściółkowego."}, {"header": "Składniki i alergeny", "content": "Składniki:mąka z PSZENICY zwyczajnej, mąka z PSZENICY durum, masa jajowa pasteryzowana* (20%) * zjajod kur z chowu ściółkowego"}, {"header": "Pozostałe informacje", "content": "Kraj pochodzenia:PolskaKraj pochodzenia zależy od konkretnej partii produktu jaka znajduje się w sklepie. Informację o kraju pochodzenia znajdziesz na opakowaniu. Możesz również dodać komentarz z preferowanym typem produktu w koszyku lub wiadomości dla shoppera (np. “prosze o pomidory polskie”).Nazwa wymagana prawnie:Makaron Szlachecki 5 jajeczny krajanka 250g"}], "images": ["data/images/dd4cea06a49ac211f81e02b780d9447c.jpg"], "absolute_path": "Artykuły spożywcze/Produkty sypkie/Makaron/Produkt 14"}
{"name": "Produkt 22", "url": "https://zakupy.biedronka.pl/czaniecki-czaniecki-makaron-5-jajeczny-krajanka-250-g-0000010479.html", "title": "Czaniecki Makaron 5 jajeczny krajanka 250 g", "brand": "Czaniecki", "price": "5.19 PLN", "packaging_details": "0.25kg- 20,76 zł / kg", "description_sections": [{"header": "Opis produktu", "content": "Smak dzieciństwa i babcinego rosołu. To właśnie od krajanki zaczęła się historia naszej rodzinnej firmy, dlatego darzymy ją szczególnym sentymentem."}, {"header": "Składniki i alergeny", "content": "Składniki:kaszapszennamakaronowa,semolina (kaszka zpszenicydurum),jaja5 sztuk na kilogram mąki (21,3 %),woda,przyprawa kurkumaAlergeny:Jaja i produkty pochodne, \n\nZboża zawierajace glutenInne informacje o zawartości produktu:Informacje szczegółowe dotyczące środków słodzących:Nie, \n\nZawiera surowce GMO:Nie, \n\nZawiera lukrecję:Nie, \n\nZawiera chininę:Nie, \n\nZawiera taurynę:Nie, \n\nZawiera przeciwutleniacze:Nie, \n\nZawiera wzmacniacze smaku:Nie, \n\nZawiera fosforany:Nie, \n\nZawiera barwniki:Nie, \n\nZawiera substancje konserwujące:Nie, \n\nZawiera kofeinę:Nie, \n\nOsłonka niejadalna:Nie, \n\nZawiera środki spożywcze z dodatkiem fitosteroli, estrów fitosteroli, fitostanoli lub estrów fitostanoli:Nie"}, {"header": "Wartość odżywcza", "content": "W 100 gWartość energetyczna kcal371 kcalZawartość tłuszczów (ogólnie)3.7 gKwasy tłuszczowe nasycone1 gZawartość węglowodanów70 gCukry2.9 gZawartość błonnika2.6 gZawartość białek13 gZawartość soli0.1 g"}, {"header": "Pozostałe informacje", "content": "Kraj pochodzenia:Unia EuropejskaKraj pochodzenia zależy od konkretnej partii produktu jaka znajduje się w sklepie. Informację o kraju pochodzenia znajdziesz na opakowaniu. Możesz również dodać komentarz z preferowanym typem produktu w koszyku lub wiadomości dla shoppera (np. “prosze o pomidory polskie”).Nazwa wymagana prawnie:Czaniecki makaron 5 jajeczny popularny z dodatkiem przyprawy kurkumy"}], "images": ["data/images/f0bc8d179e097e5c083e2daf878f0ffa.jpg"], "absolute_path": "Artykuły spożywcze/Produkty sypkie/Makaron/Produkt 22"}
{"name": "Produkt 20", "url": "https://zakupy.biedronka.pl/lubella-lubella-makaron-5-jajeczna-nitki-400-g-0000010679.html", "title": "Lubella Makaron 5-Jajeczna nitki 400 g", "brand": "Lubella", "price": "5.99 PLN", "packaging_details": "0.4kg- 14,98 zł / kg", "description_sections": [{"header": "Opis produktu", "content": "Na nowo wałkujemy tradycję.Makaron delikatny tak jak z kuchni Twojej Babci, trzy razy wałkowany."}, {"header": "Składniki i alergeny", "content": "Składniki:mąka makaronowapszenna,jajaz chowu na wolnym wybiegu (21,6 %) (5jajna 1 kg mąki),przyprawa: kurkumaAlergeny:Zawiera Jaja, \n\nMoże zawierać Soja, \n\nZawiera Pszenica"}, {"header": "Wartość odżywcza", "content": "W 100 gWartość energetyczna368 kcalTłuszcz3.2 gw tym kwasy tłuszczowe nasycone0.9 gWęglowodany69 gw tym cukry1 gBłonnik3.4 gBiałko14 gSól0.05 g"}, {"header": "Pozostałe informacje", "content": "Producent:MW FOOD Sp. z o.o.\nul. Chopina 10\n34-100 WadowiceDystrybutor:MW FOOD Sp. z o.o.ul. Chopina 10 34-100 WadowiceNazwa wymagana prawnie:Makaron 5-jajeczny. Nitki."}], "images": ["data/images/2625d1bc774d57e545d237802564db3f.jpg"], "absolute_path": "Artykuły spożywcze/Produkty sypkie/Makaron/Produkt 20"}
{"name": "Produkt 23", "url": "https://zakupy.biedronka.pl/lubella-lubella-makaron-nitki-ciete-400-g-0000007584.html", "title": "Lubella Makaron nitki cięte 400 g", "brand": "Lubella", "price": "5.19 PLN", "packaging_details": "0.4kg- 12,98 zł / kg", "description_sections": [{"header": "Składniki i alergeny", "content": "Składniki:mąka makaronowapszennaAlergeny:Może zawierać Soja, \n\nZawiera Pszenica"}, {"header": "Wartość odżywcza", "content": "W 100 gWartość energetyczna351 kcalTłuszcz1.4 gw tym kwasy tłuszczowe nasycone0.4 gWęglowodany70 gw tym cukry4.2 gBiałko13 gSól0.03 g"}, {"header": "Pozostałe informacje", "content": "Producent:MW FOOD Sp. z o.o. Sp.k.\nul. Chopina 10,\n34-100 Wadowice\nwww.lubella.plDystrybutor:MW FOOD Sp. z o.o. Sp.k.ul. Chopina 10 34-100  WadowiceNazwa wymagana prawnie:Makaron nitki cięte."}], "images": ["data/images/de834cbb0f13c64f9cfa49ec6e316cea.jpg"], "absolute_path": "Artykuły spożywcze/Produkty sypkie/Makaron/Produkt 23"}
{"name": "Produkt 19", "url": "https://zakupy.biedronka.pl/pastani-pastani-makaron-bezglutenowy-spaghetti-500-g-0000002719.html", "title": "Pastani Makaron bezglutenowy spaghetti 500 g", "brand": "Pastani", "price": "5.19 PLN", "packaging_details": "0.5kg- 10,38 zł / kg", "description_sections": [{"header": "Opis produktu", "content": "Nasz makaron powstał na bazie mąki kukurydzianej. Jest produktem bezglutenowym. Czy wiesz, że produkty bezglutenowe są odpowiednie dla osób cierpiących na celiakię. Dieta bezglutenowa polega na całkowitej eliminacji z pożywienia produktów zawierających gluten czyli na wykluczeniu pokarmów zawierających zboża takie, jak m.in. pszenica, żyto, jęczmień."}, {"header": "Składniki i alergeny", "content": "Składniki:mąka kukurydzianaInne informacje o zawartości produktu:Zawiera surowce GMO:Nie, \n\nDodatkowe informacje na temat produktu:Al dente - 8 min, miękki - 9 min."}, {"header": "Wartość odżywcza", "content": "W 100 gWartość energetyczna kcal345 kcalZawartość tłuszczów (ogólnie)0.8 gKwasy tłuszczowe nasycone0 gZawartość węglowodanów79 gCukry1 gZawartość błonnika0 gZawartość białek5.5 gZawartość soli0 g"}, {"header": "Przechowywanie i sposób przygotowania", "content": "Sposób przygotowania:Makaron wsypać do gotującej się wody (1 litr wody na 100 g makaronu). Posolić według uznania. Gotować na słabym ogniu, od czasu do czasu mieszając. Po upływie czasu wskazanego na opakowaniu ugotowany, przepłukany wodą i odcedzony makaron gotowy jest do podania."}, {"header": "Pozostałe informacje", "content": "Dystrybutor:Jeronimo Martins Polska S.A.Żniwna 5 62-025 KostrzynNazwa wymagana prawnie:Makaron spaghetti bezglutenowy"}], "images": ["data/images/6cc7f84cd6005359a4bce647fea9b051.jpg", "data/images/1906da158ac3726b4d7bd3a62b0a88ba.jpg"], "absolute_path": "Artykuły spożywcze/Produkty sypkie/Makaron/Produkt 19"}
{"name": "Produkt 21", "url": "https://zakupy.biedronka.pl/lubella-lubella-makaron-5-jajeczna-krajanka-400-g-0000005906.html", "title": "Lubella Makaron 5-Jajeczna krajanka 400 g", "brand": "Lubella", "price": "5.99 PLN", "packaging_details": "0.4kg- 14,98 zł / kg", "description_sections": [{"header": "Opis produktu", "content": "Na nowo wałkujemy tradycję.Makaron delikatny tak jak z kuchni Twojej Babci, trzy razy wałkowany."}, {"header": "Składniki i alergeny", "content": "Składniki:mąka makaronowapszenna,jajaz chowu na wolnym wybiegu (21,6 %) (5jajna 1 kg mąki),przyprawa: kurkumaAlergeny:Zawiera Jaja, \n\nMoże zawierać Soja, \n\nZawiera Pszenica"}, {"header": "Wartość odżywcza", "content": "W 100 gWartość energetyczna368 kcalTłuszcz3.2 gw tym kwasy tłuszczowe nasycone0.9 gWęglowodany69 gw tym cukry1 gBłonnik3.4 gBiałko14 gSól0.05 g"}, {"header": "Pozostałe informacje", "content": "Producent:MW FOOD Sp. z o.o.\nul. Chopina 10\n34-100 WadowiceDystrybutor:MW FOOD Sp. z o.o.ul. Chopina 10 34-100  WadowiceNazwa wymagana prawnie:Makaron 5-jajeczny. Krajanka."}], "images": ["data/images/14836d86a691421bd780ea3087dde414.jpg"], "absolute_path": "Artykuły spożywcze/Produkty sypkie/Makaron/Produkt 21"}
{"name": "Produkt 24", "url": "https://zakupy.biedronka.pl/pol-mak-tradycyjny-polmak-kluski-do-zup-250-g-0000004217.html", "title": "Polmak Kluski do zup 250 g", "brand": "Pol-Mak tradycyjny", "price": "4.49 PLN", "packaging_details": "0.25kg- 17,96 zł / kg", "description_sections": [{"header": "Opis produktu", "content": "Makaron tradycyjny, 4 jajeczny. Wyrabiany metodą walcowania ciasta. Bogactwo smaku i tradycji. Produkt posiadający certyfikat Jakość i Tradycja."}, {"header": "Składniki i alergeny", "content": "Składniki:Mąkapszennamakaronowa, pasteryzowana masajajeczna(18%)= 4jajana 1 kg mąki. Woda, przyprawa - kurkuma.Alergeny:Jaja i produkty pochodne, \n\nZboża zawierajace gluten, \n\nPszenica i produkty z pszenicyInne informacje o zawartości produktu:Zawiera surowce GMO:Nie"}, {"header": "Wartość odżywcza", "content": "W 100 gWartość energetyczna kcal365 kcalZawartość tłuszczów (ogólnie)3.1 gKwasy tłuszczowe nasycone1.6 gZawartość węglowodanów69 gCukry2.7 gZawartość błonnika4.5 gZawartość białek13 gZawartość soli0.09 g"}, {"header": "Pozostałe informacje", "content": "Kraj pochodzenia:PolskaKraj pochodzenia zależy od konkretnej partii produktu jaka znajduje się w sklepie. Informację o kraju pochodzenia znajdziesz na opakowaniu. Możesz również dodać komentarz z preferowanym typem produktu w koszyku lub wiadomości dla shoppera (np. “prosze o pomidory polskie”).Producent:Wytwórnia Makaronu Domowego Pol-mak S.ADystrybutor:Wytwórnia Makaronu Domowego POL-MAKLudwin Kolonia 58 21-075 Ludwinandrzej.mikos@pol-mak.plImporter:Wytwórnia Makaronu Domowego POL-MAKLudwin Kolonia 58 21-075 Ludwin PLandrzej.mikos@pol-mak.plNazwa wymagana prawnie:Polmak Kluski do zup 250 g"}], "images": ["data/images/07b0b3a667da66d421e8d934c26d4d42.jpg"], "absolute_path": "Artykuły spożywcze/Produkty sypkie/Makaron/Produkt 24"}
{"name": "Produkt 26", "url": "https://zakupy.biedronka.pl/dobrusia-dobrusia-makaron-swiderki-1-kg-0000000959.html", "title": "Dobrusia Makaron świderki 1 kg", "brand": "Dobrusia", "price": "5.19 PLN", "packaging_details": "1kg- 5,19 zł / kg", "description_sections": [{"header": "Opis produktu", "content": "Idealny makaron żeby poczuć klimat włoskiej kuchni w swoim domu. Nadaję się zarówno do zup, jak i też idealnie sprawdzi się do dań makaronowych. Dzięki swojemu nie powtarzalnemu smaku uraczy każde podniebienie."}, {"header": "Składniki i alergeny", "content": "Składniki:mąka zpszenicyzwyczajnej. Produkt może zawieraćsoję.Alergeny:Zboża zawierajace gluten, \n\nPszenica i produkty z pszenicyInne informacje o zawartości produktu:Zawiera surowce GMO:Nie, \n\nOsłonka niejadalna:Nie, \n\nInformacje szczegółowe dotyczące środków słodzących:Nie, \n\nZawiera lukrecję:Nie, \n\nZawiera chininę:Nie, \n\nZawiera taurynę:Nie, \n\nZawiera przeciwutleniacze:Nie, \n\nZawiera wzmacniacze smaku:Nie, \n\nZawiera fosforany:Nie, \n\nZawiera barwniki:Nie, \n\nZawiera substancje konserwujące:Nie, \n\nZawiera kofeinę:Nie, \n\nŚrodki spozywcze z dodatkiem fitosteroli, estrów fitosteroli, fitostanoli lub estrów fitostanoli:Nie"}, {"header": "Wartość odżywcza", "content": "W 100 gWartość energetyczna kcal356 kcalZawartość tłuszczów (ogólnie)1.2 gKwasy tłuszczowe nasycone0.4 gZawartość węglowodanów73 gCukry3.4 gZawartość białek12 gZawartość soli0 g"}, {"header": "Przechowywanie i sposób przygotowania", "content": "Sposób przygotowania:Makaron wsypać do gotującej się wody (1 litr na 100 g makaronu).Posolić według uznania. Do gotującej się wody wrzuć porcję makaronu i gotuj przez ok 7 min na wolnym ogniu, od czasu do czasu mieszając.Po upływie czasu wskazanego na opakowaniu, ugotowany, odcedzony i przepłukany wodą makaron gotowy jest do podania."}, {"header": "Pozostałe informacje", "content": "Kraj pochodzenia:PolskaKraj pochodzenia zależy od konkretnej partii produktu jaka znajduje się w sklepie. Informację o kraju pochodzenia znajdziesz na opakowaniu. Możesz również dodać komentarz z preferowanym typem produktu w koszyku lub wiadomości dla shoppera (np. “prosze o pomidory polskie”).Dystrybutor:MW FOOD Sp. z o.o.Chopina 10 34-100 Wadowicemaspex@maspex.comNazwa wymagana prawnie:Makaron Świderki"}], "images": ["data/images/8e83b4e90a005b45890f611e43d7bb2b.jpg"], "absolute_path": "Artykuły spożywcze/Produkty sypkie/Makaron/Produkt 26"}
{"name": "Produkt 1", "url": "https://zakupy.biedronka.pl/plony-natury-plony-natury-kasza-gryczana-prazona-400-g-0000000130.html", "title": "Plony Natury Kasza gryczana prażona 400 g", "brand": "Plony Natury", "price": "2.79 PLN", "packaging_details": "0.4kg- 6,98 zł / kg", "description_sections": [{"header": "Opis produktu", "content": "Kasza gryczana jest naturalnym źródłem magnezu, który przyczynia się do zmniejszenia uczucia zmęczenia i znużenia oraz pomaga w prawidłowym funkcjonowaniu układu nerwowego. Korzystne działanie występuje w przypadku spożycia 1 porcji dziennie (120 g ugotowanej kaszy). Pamiętaj, że zrównoważona dieta i aktywny styl życia są bardzo ważne dla zachowania dobrego samopoczucia i zdrowia."}, {"header": "Składniki i alergeny", "content": "Składniki:kasza gryczana prażona cała. Produkt może zawierać zboża zawierające gluten (pszenicę,owies,orkisz,jęczmień).Inne informacje o zawartości produktu:Zawiera surowce GMO:Nie"}, {"header": "Wartość odżywcza", "content": "W 100 gWartość energetyczna kcal143 kcalZawartość tłuszczów (ogólnie)1.3 gKwasy tłuszczowe nasycone0.3 gZawartość węglowodanów25 gCukry1.3 gZawartość błonnika3.2 gZawartość białek5.8 gZawartość soli0.02 gWitaminy i składniki mineralnew 100 g% RWS w 100 gMagnez68 mg0%"}, {"header": "Przechowywanie i sposób przygotowania", "content": "Sposób przygotowania:Zagotować 1 litr wody. Do gotującej się wody wrzucić zamkniętą torebkę kaszy gryczanej. Można dodać szczyptę soli. Przykryć i gotować na wolnym ogniu przez ok. 15 minut. Za pomocą widelca wyjąć torebkę, odsączyć, rozciąć i podać kaszę.Sposób podania:Inspiracje Gulasz węgierski Składniki: 300-400 g mięsa wołowego 1/2 szklanki oleju 2 cebule 1 łyżeczka papryki ostrej mielonej 2 papryki czerwone 1 ząbek czosnku 2 łyżeczki koncentratu pomidorowego majeranek, kminek, sól, bazylia Przygotowanie: Mięso opłukać, pokroić na drobne kawałki, włożyć do dużego rondla. Dodać olej, obraną drobno posiekaną cebulę, roztarty czosnek z solą, mieloną paprykę, bazylię, szczyptę kminku i majeranek. Dokładnie wymieszać, podlać kilkoma łyżkami wody i dusić pod przykryciem. W czasie duszenia często mieszać i uzupełniać odparowaną wodę. Paprykę umyć, usunąć pestki, pokroić. Gdy mięso zacznie mięknąć, dodać pokrojoną w paski paprykę i koncentrat pomidorowy. Ugotować kaszę według przepisu na opakowaniu. Ugotowaną kaszę wyłożyć na talerz polewając gorącym gulaszem."}, {"header": "Pozostałe informacje", "content": "Producent:Lestello Sp. z o.o.Dystrybutor:Jeronimo Martins Polska S.A.Żniwna 5 62-025 KostrzynImporter:Lestello Sp. z o.o.Cmolas 475 36-105 Cmolas PLhandel@lestello.com.plNazwa wymagana prawnie:Kasza gryczana prażona cała"}], "images": ["data/images/beca03c2f9d049cf18a9bf05951ec60b.jpg", "data/images/61cac43accaddd0af45fea7f5c527602.jpg", "data/images/8fab33ce713a19ced057e3d3cbfff779.jpg", "data/images/e118a99d8d604caf5c88c56a4db6f0a2.jpg"], "absolute_path": "Artykuły spożywcze/Produkty sypkie/Kasza/Produkt 1"}
{"name": "Produkt 27", "url": "https://zakupy.biedronka.pl/pastani-pastani-makaron-bezglutenowy-fusilli-500-g-0000020127.html", "title": "Pastani Makaron bezglutenowy Fusilli 500 g", "brand": "Pastani", "price": "5.19 PLN", "packaging_details": "0.5szt.- 10,38 zł / kg", "description_sections": [{"header": "Opis produktu", "content": "Doskonały smak. Nasz makaron powstał na bazie mąki kukurydzianej. Jest produktem bezglutenowym - odpowiednim dla osób cierpiących na celiakię."}, {"header": "Składniki i alergeny", "content": "Składniki:mąka kukurydziana.Inne informacje o zawartości produktu:Zawiera surowce GMO:Nie"}, {"header": "Wartość odżywcza", "content": "W 100 gWartość energetyczna kcal350 kcalZawartość tłuszczów (ogólnie)0.8 gKwasy tłuszczowe nasycone0.2 gZawartość węglowodanów79 gCukry1 gZawartość błonnika2.5 gZawartość białek5.5 gZawartość soli0.02 g"}, {"header": "Przechowywanie i sposób przygotowania", "content": "Sposób przygotowania:Makaron wsypać do posolonej, gotującej się wody (1 litr wody na 100 g makaronu), od czasu do czasu mieszając. Gotować przez 10-12 minut, następnie ugotowany makaron odcedzić, przepłukać wodą i podać. Czas gotowania zależy od indywidualnych preferencji dotyczących twardości makaronu."}, {"header": "Pozostałe informacje", "content": "Dystrybutor:Jeronimo Martins Polska S.A.Żniwna 5 62-025 Kostrzyn PLImporter:Jeronimo Martins Polska S.A.Żniwna 5 62-025 Kostrzyn PLbok@biedronka.plNazwa wymagana prawnie:Makaron Fusilli bezglutenowy"}], "images": ["data/images/6503f37f089bb1f7e559298524f60277.jpg", "data/images/3dd6b11038dbbaf7e94f9a11e4f936c7.jpg"], "absolute_path": "Artykuły spożywcze/Produkty sypkie/Makaron/Produkt 27"}
{"name": "Produkt 25", "url": "https://zakupy.biedronka.pl/gusto-bello-gusto-bello-makaron-lasagne-500-g-0000007183.html", "title": "Gusto Bello Makaron Lasagne 500 g", "brand": "Gusto Bello", "price": "6.45 PLN", "packaging_details": "0.5kg- 12,90 zł / kg", "description_sections": [{"header": "Składniki i alergeny", "content": "Składniki:mąka semolina zpszenicydurum, woda. Może zawieraćsoję,jajaigorczycę."}, {"header": "Pozostałe informacje", "content": "Kraj pochodzenia:WłochyKraj pochodzenia zależy od konkretnej partii produktu jaka znajduje się w sklepie. Informację o kraju pochodzenia znajdziesz na opakowaniu. Możesz również dodać komentarz z preferowanym typem produktu w koszyku lub wiadomości dla shoppera (np. “prosze o pomidory polskie”).Nazwa wymagana prawnie:Lasagne - makaron z semoliny z pszenicy durum"}], "images": ["data/images/b27d12c64a319f2a72898b9e760b0d49.jpg", "data/images/cf4676203376657ff1778e0fc08f487b.jpg"], "absolute_path": "Artykuły spożywcze/Produkty sypkie/Makaron/Produkt 25"}
{"name": "Produkt 3", "url": "https://zakupy.biedronka.pl/plony-natury-plony-natury-kasza-bulgur-z-pszenicy-twardej-400-g-0000004652.html", "title": "Plony Natury Kasza bulgur z pszenicy twardej 400 g", "brand": "Plony Natury", "price": "3.19 PLN", "packaging_details": "0.4kg- 7,98 zł / kg", "description_sections": [{"header": "Składniki i alergeny", "content": "Składniki:kasza bulgur zpszenicytwardej (Triticum durum). Produkt może zawierać zboża zawierające gluten (żyto,owiesijęczmień)."}, {"header": "Przechowywanie i sposób przygotowania", "content": "Sposób podania:Inspiracje  Bulgur z warzywami  Składniki: 200 g kaszy bulgur  2 pomidory  1 cebula  1 papryka  1 łyżeczka koncentratu pomidorowego  Przygotowanie:  Pokroić cebulę, paprykę i pomidory w kostkę. Podsmażyć razem z koncentratem na patelni. Ugotować bulgur zgodnie z przepisem na opakowaniu, odsączyć, wsypać na patelnie i wymieszać z warzywami. Można dodać ulubione przyprawy."}, {"header": "Pozostałe informacje", "content": "Nazwa wymagana prawnie:Kasza bulgur w pszenicy twardej"}], "images": ["data/images/f610a7c55e282674df61f2bd6e5aa939.jpg"], "absolute_path": "Artykuły spożywcze/Produkty sypkie/Kasza/Produkt 3"}
{"name": "Produkt 4", "url": "https://zakupy.biedronka.pl/plony-natury-plony-natury-natural-mix-kasza-gryczana-kasza-bulgur-soczewica-suszone-pomidory-pestki-dyni--4x100-g-0000005437.html", "title": "Plony Natury Natural Mix Kasza gryczana kasza bulgur soczewica suszone pomidory pestki dyni  4x100 g", "brand": "Plony Natury", "price": "5.79 PLN", "packaging_details": "0.4kg- 14,48 zł / kg", "description_sections": [{"header": "Opis produktu", "content": "PLONY NATURY NATURAL MIX KASZA GRYCZ BULG. SOCZEWICA doskonale nadaje się dla każdego, kto żyje bardzo szybko i dynamicznie"}, {"header": "Składniki i alergeny", "content": "Składniki:Kasza gryczana prażona 50%, kasza bulgur ( zpszenicydurum) 20%, soczewica czerwona 15%, suszone pomidory 10%, pestki dyni 5%."}, {"header": "Pozostałe informacje", "content": "Kraj pochodzenia:PolskaKraj pochodzenia zależy od konkretnej partii produktu jaka znajduje się w sklepie. Informację o kraju pochodzenia znajdziesz na opakowaniu. Możesz również dodać komentarz z preferowanym typem produktu w koszyku lub wiadomości dla shoppera (np. “prosze o pomidory polskie”).Nazwa wymagana prawnie:Plony Natury Natural Mix Kasza gryczana., kasza bulgur, soczewica, suszone pomidory, pestki dyni  4X100g"}], "images": ["data/images/4c50e3907883ba64acc78628fd546d68.jpg"], "absolute_path": "Artykuły spożywcze/Produkty sypkie/Kasza/Produkt 4"}
{"name": "Produkt 5", "url": "https://zakupy.biedronka.pl/plony-natury-plony-natury-kasza-jeczmienna-perlowa-4-x-100-g-400-g--0000003501.html", "title": "Plony Natury Kasza jęczmienna perłowa (4 x 100 g) 400 g", "brand": "Plony Natury", "price": "1.89 PLN", "packaging_details": "0.4kg- 4,73 zł / kg", "description_sections": [{"header": "Składniki i alergeny", "content": "Składniki:kaszajęczmiennaperłowa. Produkt może zawierać zboża zawierające gluten (żyto,owiesipszenicę).Alergeny:Zboża zawierajace gluten, \n\nJęczmień i produkty jęczmienneInne informacje o zawartości produktu:Zawiera surowce GMO:Nie"}, {"header": "Wartość odżywcza", "content": "W 100 gWartość energetyczna kcal326 kcalZawartość tłuszczów (ogólnie)0.6 gKwasy tłuszczowe nasycone0.2 gZawartość węglowodanów65 gCukry1.9 gZawartość błonnika8.8 gZawartość białek11 gZawartość soli0.03 g"}, {"header": "Przechowywanie i sposób przygotowania", "content": "Sposób przygotowania:Gotowanie"}, {"header": "Pozostałe informacje", "content": "Dystrybutor:Jeronimo Martins Polska S.A.Żniwna 5 62-025 KostrzynNazwa wymagana prawnie:Kasza jęczmienna perłowa"}], "images": ["data/images/ebabc5692277dc6c4637bf847edd3fcc.jpg", "data/images/22760ca26c7f7ea8b044081658553f2d.jpg", "data/images/792e48f84f0858d81915a13ede841d18.jpg", "data/images/679a37ae8f5e009fd9626894d0af7c43.jpg"], "absolute_path": "Artykuły spożywcze/Produkty sypkie/Kasza/Produkt 5"}
{"name": "Produkt 2", "url": "https://zakupy.biedronka.pl/plony-natury-plony-natury-soczewica-czerwona-500-g-0000015945.html", "title": "Plony Natury Soczewica czerwona 500 g", "brand": "Plony Natury", "price": "5.86 PLN", "packaging_details": "0.5kg- 11,72 zł / kg", "description_sections": [{"header": "Składniki i alergeny", "content": "Składniki:soczewica czerwona. Produkt może zawierać zboża zawierające gluten (pszenica,jęczmień,owies) oraz nasionasezamu."}, {"header": "Pozostałe informacje", "content": "Kraj pochodzenia:KanadaKraj pochodzenia zależy od konkretnej partii produktu jaka znajduje się w sklepie. Informację o kraju pochodzenia znajdziesz na opakowaniu. Możesz również dodać komentarz z preferowanym typem produktu w koszyku lub wiadomości dla shoppera (np. “prosze o pomidory polskie”).Nazwa wymagana prawnie:Soczewica czerwona"}], "images": ["data/images/a663725768182eb828e801d0bb71a0a8.jpg", "data/images/b747a588b7790505621ef9277951f841.jpg", "data/images/9cfd6de7c7e12c153180de65addbcca8.jpg", "data/images/595f6ac934b644b8af133ff32d7c27aa.jpg"], "absolute_path": "Artykuły spożywcze/Produkty sypkie/Kasza/Produkt 2"}
{"name": "Produkt 6", "url": "https://zakupy.biedronka.pl/plony-natury-plony-natury-kasza-jaglana-z-prosa-4x100-g-400-g-0000003481.html", "title": "Plony Natury Kasza jaglana z prosa (4x100 g) 400 g", "brand": "Plony Natury", "price": "2.49 PLN", "packaging_details": "0.4kg- 6,23 zł / kg", "description_sections": [{"header": "Składniki i alergeny", "content": "Składniki:kasza jaglana z prosa. Produkt może zawierać zboża zawierajace gluten (jęczmień,pszenicę,owiesiżyto).Inne informacje o zawartości produktu:Zawiera surowce GMO:Nie"}, {"header": "Wartość odżywcza", "content": "W 100 gWartość energetyczna kcal350 kcalZawartość tłuszczów (ogólnie)2.2 gKwasy tłuszczowe nasycone0.2 gZawartość węglowodanów70 gCukry0.3 gZawartość błonnika3.1 gZawartość białek11 gZawartość soli0.01 g"}, {"header": "Przechowywanie i sposób przygotowania", "content": "Sposób przygotowania:Do gotowania"}, {"header": "Pozostałe informacje", "content": "Kraj pochodzenia:UkrainaKraj pochodzenia zależy od konkretnej partii produktu jaka znajduje się w sklepie. Informację o kraju pochodzenia znajdziesz na opakowaniu. Możesz również dodać komentarz z preferowanym typem produktu w koszyku lub wiadomości dla shoppera (np. “prosze o pomidory polskie”).Producent:Cenos Sp. z o.o.Dystrybutor:Jeronimo Martins Polska S.A.Żniwna 5 62-025 KostrzynImporter:Jeronimo Martins Polska S.A.Żniwna 5 62-025 Kostrzyn PLNazwa wymagana prawnie:Kasza jaglana z prosa"}], "images": ["data/images/2ad6de53ca727f2fff91f0be5eb3013a.jpg", "data/images/76d3c84ef0905352020c5b8c967eb5ea.jpg", "data/images/c377ec0533d36b19ff6e7a311700e612.jpg", "data/images/6b644248bda752f66f2086dafef45ce1.jpg"], "absolute_path": "Artykuły spożywcze/Produkty sypkie/Kasza/Produkt 6"}
{"name": "Produkt 7", "url": "https://zakupy.biedronka.pl/plony-natury-plony-natury-kuskus-perlowy-400-g-0000015406.html", "title": "Plony Natury Kuskus perłowy 400 g", "brand": "Plony Natury", "price": "5.19 PLN", "packaging_details": "0.4kg- 12,98 zł / kg", "description_sections": [{"header": "Składniki i alergeny", "content": "Składniki:kuskus perłowy zpszenicydurum. Produkt może również zawierać gluten pochodzący z innych zbóż (jęczmień,żyto,owies,pszenicazwyczajna,pszenicaorkisz) oraz nasionasezamu."}, {"header": "Przechowywanie i sposób przygotowania", "content": "Sposób podania:Sałatka z kuskusem perłowym i warzywami. Składniki: 150 g kuskusu perłowego (ok. 2/3 szklanki), 1 czerwona cebula, 1-2 ząbki czosnku, 1 brokuł (500 g), 50 g suszonych pomidorów, 100 g sera feta, garść natki pietruszki 1/2 cytryny, sól, pieprz, 3-4 łyżki oliwy. Przygotowanie: Kuskus gotujemy wg przepisu na opakowaniu. Brokuł dzielimy na różyczki i blanszujemy we wrzątku ok. 5 minut. Cebulę drobno siekamy i razem z przeciśniętym przez prask czosnkiem podsmażamy na oliwie. Gdy cebula się zeszkli, dodajemy podzielony na małe części brokuł i posiekane suszone pomidory. Wszystko razem mieszamy, następnie doprawiamy solą i pieprzem. Dodajemy kuskus i wciskamy sok z 1/2 cytryny. Mieszamy wszystko dokładnie. Na sam koniec dodajmy połowę posiekanej natki pietruszki i pokrojoną w kostkę fetę (zostawiając troszkę do posypania na wierzch). Mieszamy wszystkie składniki. Smacznego!"}, {"header": "Pozostałe informacje", "content": "Nazwa wymagana prawnie:Kuskus perłowy."}], "images": ["data/images/d608afe89eb74d00bf4f20f1eb8cfe38.jpg"], "absolute_path": "Artykuły spożywcze/Produkty sypkie/Kasza/Produkt 7"}
{"name": "Produkt 8", "url": "https://zakupy.biedronka.pl/plony-natury-plony-natury-siemie-lniane-400-g-0000004653.html", "title": "Plony Natury Siemię lniane 400 g", "brand": "Plony Natury", "price": "4.89 PLN", "packaging_details": "0.4kg- 12,23 zł / kg", "description_sections": [{"header": "Składniki i alergeny", "content": "Składniki:Sięmię Iniane brązowe. Może zawierać zboża zawierające gluten (jęczmień,pszenicę,owies,żyto) oraz nasionasezamu."}, {"header": "Pozostałe informacje", "content": "Nazwa wymagana prawnie:Siemię lniane"}], "images": ["data/images/bcb4fad5d5a016de770492289337a637.jpg"], "absolute_path": "Artykuły spożywcze/Produkty sypkie/Kasza/Produkt 8"}
{"name": "Produkt 11", "url": "https://zakupy.biedronka.pl/plony-natury-plony-natury-kasza-gryczana-biala-4-x-100-g-400-g--0000004334.html", "title": "Plony Natury Kasza gryczana biała (4 x 100 g) 400 g", "brand": "Plony Natury", "price": "3.69 PLN", "packaging_details": "0.4kg- 9,23 zł / kg", "description_sections": [{"header": "Składniki i alergeny", "content": "Składniki:kasza gryczana biała. Produkt może zawierać zboża zawierające gluten (pszenicę,jęczmień,owiesiorkisz)."}, {"header": "Pozostałe informacje", "content": "Kraj pochodzenia:PolskaKraj pochodzenia zależy od konkretnej partii produktu jaka znajduje się w sklepie. Informację o kraju pochodzenia znajdziesz na opakowaniu. Możesz również dodać komentarz z preferowanym typem produktu w koszyku lub wiadomości dla shoppera (np. “prosze o pomidory polskie”).Nazwa wymagana prawnie:Kasza gryczana biała"}], "images": ["data/images/80cb66a389f1303588abc1fa7353e951.jpg"], "absolute_path": "Artykuły spożywcze/Produkty sypkie/Kasza/Produkt 11"}
{"name": "Produkt 9", "url": "https://zakupy.biedronka.pl/plony-natury-plony-natury-kasza-manna-500-g-0000003429.html", "title": "Plony Natury Kasza manna 500 g", "brand": "Plony Natury", "price": "1.99 PLN", "packaging_details": "0.5kg- 3,98 zł / kg", "description_sections": [{"header": "Składniki i alergeny", "content": "Składniki:kasza manna zpszenicy. Może zawierać zboża zawierające gluten (jęczmień,owies,żyto).Alergeny:Zboża zawierajace gluten, \n\nPszenica i produkty z pszenicyInne informacje o zawartości produktu:Zawiera surowce GMO:Nie"}, {"header": "Wartość odżywcza", "content": "W 100 gWartość energetyczna kcal339 kcalZawartość tłuszczów (ogólnie)1 gKwasy tłuszczowe nasycone0.5 gZawartość węglowodanów71 gCukry0.5 gZawartość błonnika2.8 gZawartość białek10 gZawartość soli0.06 g"}, {"header": "Przechowywanie i sposób przygotowania", "content": "Sposób przygotowania:Gotowanie"}, {"header": "Pozostałe informacje", "content": "Kraj pochodzenia:PolskaKraj pochodzenia zależy od konkretnej partii produktu jaka znajduje się w sklepie. Informację o kraju pochodzenia znajdziesz na opakowaniu. Możesz również dodać komentarz z preferowanym typem produktu w koszyku lub wiadomości dla shoppera (np. “prosze o pomidory polskie”).Producent:Cenos Sp. z o.o.Dystrybutor:Jeronimo Martins Polska S.A.Żniwna 5 62-025 KostrzynImporter:Jeronimo Martins Polska S.A.Żniwna 5 62-025 Kostrzyn PLNazwa wymagana prawnie:Kasza manna"}], "images": ["data/images/5ed3d7399d15619597b3a52827411013.jpg"], "absolute_path": "Artykuły spożywcze/Produkty sypkie/Kasza/Produkt 9"}
{"name": "Produkt 10", "url": "https://zakupy.biedronka.pl/plony-natury-plony-natury-kasza-peczak-jeczmienny-400-g-0000008913.html", "title": "Plony Natury Kasza pęczak jęczmienny 400 g", "brand": "Plony Natury", "price": "1.89 PLN", "packaging_details": "0.4kg- 4,73 zł / kg", "description_sections": [{"header": "Składniki i alergeny", "content": "Składniki:kasza pęczakjęczmienny. Produkt może zawierać zboża zawierające gluten (żyto,owiesipszenicę).Alergeny:Jęczmień i produkty jęczmienneInne informacje o zawartości produktu:Zawiera surowce GMO:Nie"}, {"header": "Wartość odżywcza", "content": "W 100 gWartość energetyczna kcal316 kcalZawartość tłuszczów (ogólnie)1.5 gKwasy tłuszczowe nasycone0.6 gZawartość węglowodanów57 gCukry0.8 gZawartość błonnika19 gZawartość białek9.5 gZawartość soli0.01 g"}, {"header": "Przechowywanie i sposób przygotowania", "content": "Sposób przygotowania:InspiracjeSałatka z kaszą pęczak, burakiem i fetą4 porcje, 20 minut, łatweSkładniki:kasza pęczak 200gburak ugotowany 2 średnie sztukifeta 80ggarść rukolipapryka czerwona 100gpapryka żółta 100gsól, pieprz, ocet balsamicznyPrzygotowanie:Kaszę ugotować według przepisu na opakowaniu, przestudzić. Buraki, paprykę pokroić w kostkę. Wymieszać z kaszą, posypać pokruszoną fetą. Polać octem balsamicznym, doprawić solą i pieprzem, wymieszać. Udekorować rukolą.Jak ugotować idealną kaszę pęczak:1. Zagotować 1 litr wody.2.Do gotującej się wody włożyć saszetkę z kaszą.3.Gotować pod przykryciem na wolnym ogniu około 15 minut.4.Wyjąć saszetkę i odsączyć."}, {"header": "Pozostałe informacje", "content": "Kraj pochodzenia:PolskaKraj pochodzenia zależy od konkretnej partii produktu jaka znajduje się w sklepie. Informację o kraju pochodzenia znajdziesz na opakowaniu. Możesz również dodać komentarz z preferowanym typem produktu w koszyku lub wiadomości dla shoppera (np. “prosze o pomidory polskie”).Producent:Jeronimo Martins Polska S.A.Dystrybutor:Jeronimo Martins Polska S.A.Żniwna 5 62-025 KostrzynImporter:Jeronimo Martins Polska S.A.Żniwna 5 62-025 Kostrzyn PLNazwa wymagana prawnie:Kasza pęczak jęczmienny"}], "images": ["data/images/410edb56453c6452eb6bdb1aeaafcde9.jpg", "data/images/a5385918a34831722771dd803bf8b658.jpg", "data/images/c431c90d7ae5e64d7d4f9856eb98dc68.jpg", "data/images/56bc9e5ec7936e772027df9a4c131c34.jpg"], "absolute_path": "Artykuły spożywcze/Produkty sypkie/Kasza/Produkt 10"}
{"name": "Produkt 1", "url": "https://zakupy.biedronka.pl/plony-natury-plony-natury-ryz-bialy-dlugoziarnisty-z-europejskich-upraw-4-x-125-g-0000004902.html", "title": "Plony Natury Ryż biały długoziarnisty z europejskich upraw 4 x 125 g", "brand": "Plony Natury", "price": "5.49 PLN", "packaging_details": "0.5kg- 8,78 zł / kg", "description_sections": [{"header": "Opis produktu", "content": "Ryż biały długoziarnisty jest najbardziej uniwersalną i najczęściej spożywaną odmianą ryżu na świecie. Jego łagodny i neutralny smak pozwala użyć go w każdej potrawie. Ryż biały długoziarnisty posiada niską zawartość tłuszczu i nie zawiera cukrów."}, {"header": "Składniki i alergeny", "content": "Składniki:Ryż biały długoziarnisty"}, {"header": "Pozostałe informacje", "content": "Kraj pochodzenia:Włochy, Grecja, Portugalia, RumuniaKraj pochodzenia zależy od konkretnej partii produktu jaka znajduje się w sklepie. Informację o kraju pochodzenia znajdziesz na opakowaniu. Możesz również dodać komentarz z preferowanym typem produktu w koszyku lub wiadomości dla shoppera (np. “prosze o pomidory polskie”).Nazwa wymagana prawnie:Ryż biały długoziarnisty"}], "images": ["data/images/619e2e8318d41611259aeee5f9eecab8.jpg"], "absolute_path": "Artykuły spożywcze/Produkty sypkie/Ryż/Produkt 1"}
{"name": "Produkt 4", "url": "https://zakupy.biedronka.pl/plony-natury-plony-natury-ryz-brazowy-dlugoziarnisty-4x100-g-0000010647.html", "title": "Plony Natury Ryż brązowy długoziarnisty 4x100 g", "brand": "Plony Natury", "price": "3.29 PLN", "packaging_details": "0.4kg- 8,23 zł / kg", "description_sections": [{"header": "Składniki i alergeny", "content": "Składniki:ryż brązowy długoziarnisty. Produkt może zawierać zboża zawierające gluten (pszenicę,żyto,jęczmień,owies)"}, {"header": "Przechowywanie i sposób przygotowania", "content": "Sposób podania:Inspiracje  Sałatka z ryżem brązowym i orzechami  Składniki: ryż brązowy 200 g  czerwona cebula (1 sztuka)  pomidorki koktajlowe (6 sztuk)  ciecierzyca konserwowa (pół puszki)  ser feta (50 g)  ogórek (1 sztuka)  orzechy włoskie (pół szklanki)  szczypiorek (pół pęczka)  oliwa (3 łyżki)  sok z cytryny  (2 łyżki)  zioła prowansalskie  sól  pieprz   Przygotowanie: Ryż ugotować zgodnie z przepisem na opakowaniu. Orzechy uprażyć na patelni. Drobno posiekaną cebulę podsmażyć na patelni. Pomidorki, ogórek, ser feta oraz szczypiorek pokroić. W misce wymieszać wszystkie składniki. Oliwę, sok z cytryny, zioła, sól i pieprz wymierzać w szklance. Przygotowanym sosem polać sałatkę."}, {"header": "Pozostałe informacje", "content": "Nazwa wymagana prawnie:Ryż brązowy długoziarnisty"}], "images": ["data/images/b1593c43a722d1e01907e75ce4a4b2e5.jpg"], "absolute_path": "Artykuły spożywcze/Produkty sypkie/Ryż/Produkt 4"}
{"name": "Produkt 3", "url": "https://zakupy.biedronka.pl/gusto-bello-gusto-bello-ryz-do-risotto-arborio-1-kg-0000009424.html", "title": "Gusto Bello Ryż do risotto arborio 1 kg", "brand": "Gusto Bello", "price": "14.69 PLN", "packaging_details": "1 kg ~ 1kg- 14,69 zł / kg", "description_sections": [{"header": "Składniki i alergeny", "content": "Składniki:ryż arborio. Produkt może zawierać zboża zawierające gluten (pszenicę,jęczmień,owies,orkisz).Inne informacje o zawartości produktu:Zawiera surowce GMO:Nie"}, {"header": "Wartość odżywcza", "content": "W 100 gWartość energetyczna kcal342 kcalZawartość tłuszczów (ogólnie)0.7 gKwasy tłuszczowe nasycone0.2 gZawartość węglowodanów78 gCukry0.5 gZawartość błonnika0.8 gZawartość białek7.2 gZawartość soli0.02 g"}, {"header": "Przechowywanie i sposób przygotowania", "content": "Sposób przygotowania:Na patelni podsmażyć składniki i dodatki, a następnie dodać surowy ryż i smażyć, aż ryż się zeszkli. Następnie na patelnię wlać ok. 1,5 szklanki bulionu i dusić, często mieszając. Gdy ryż wchłonie cały płyn, dodawać porcjami bulion do momentu, aż ryż będzie miękki. Podawać z ulubionymi dodatkami."}, {"header": "Pozostałe informacje", "content": "Producent:Sawex Foods spółka z ograniczoną odpowiedzialnościąDystrybutor:Jeronimo Martins Polska S.A.Żniwna 5 62-025 KostrzynImporter:Jeronimo Martins Polska S.A.Żniwna 5 62-025 Kostrzyn PLNazwa wymagana prawnie:Ryż do risotto arborio"}], "images": ["data/images/39854afbf9c1a619c377228939fcf823.jpg", "data/images/c8a7fe7dc597a551696b16084d6ee8ba.jpg"], "absolute_path": "Artykuły spożywcze/Produkty sypkie/Ryż/Produkt 3"}
{"name": "Produkt 2", "url": "https://zakupy.biedronka.pl/plony-natury-plony-natury-ryz-basmati-dlugoziarnisty-400-g-0000002691.html", "title": "Plony Natury Ryż basmati długoziarnisty 400 g", "brand": "Plony Natury", "price": "4.99 PLN", "packaging_details": "0.4kg- 12,48 zł / kg", "description_sections": [{"header": "Składniki i alergeny", "content": "Składniki:ryż biały długi Basmati. Produkt może zawierać zboża zawierające gluten (jęczmień,pszenicę,owiesiżyto)."}, {"header": "Przechowywanie i sposób przygotowania", "content": "Sposób podania:Inspiracje  Ryż Basmati z pastą z papryki i kolendry   Składniki:  1 zielona papryka  1 cebula  1 ząbek czosnku  pół pęczka natki pietruszki  garść listków świeżej kolendry  2 łyżki oliwy z oliwek  200 g ryżu basmati  kostka rosołowa  sól, pieprz    Przygotowanie:  Paprykę, cebulę, czosnek, kolendrę, natkę pietruszki oraz oliwę z oliwek zmiksować w blenderze. Kostkę rosołową rozpuścić w 600 ml wrzącej wody. Na patelnię wsypać ryż, pastę zalać wywarem z kostki rosołowej. Doprawić solą i pieprzem. Gotować na małym ogniu około 15 minut od czasu do czasu mieszając aż ryż zmięknie i wchłonie cały wywar."}, {"header": "Pozostałe informacje", "content": "Nazwa wymagana prawnie:Ryż biały długi Basmati"}], "images": ["data/images/61b18c44ea04c9a6e6f89bd9a271c702.jpg", "data/images/4f7a38115b391ea5471174dd631a1b6b.jpg", "data/images/1cce1b9edd1417159f5f6c5ccee627df.jpg", "data/images/8f627a79f6f77585abd20988f8c12987.jpg"], "absolute_path": "Artykuły spożywcze/Produkty sypkie/Ryż/Produkt 2"}
{"name": "Produkt 12", "url": "https://zakupy.biedronka.pl/plony-natury-plony-natury-kasza-gryczana-prazona-900-g-0000015387.html", "title": "Plony Natury Kasza gryczana prażona 900 g", "brand": "Plony Natury", "price": "6.29 PLN", "packaging_details": "0.9kg- 6,99 zł / kg", "description_sections": [{"header": "Opis produktu", "content": "Kasza gryczana jest naturalnym źródłem magnezu, który przyczynia się do zmniejszania uczucia zmęczenia i znużenia oraz pomaga w prawidłowym funkcjonowaniu układu nerwowego. Korzystne działanie występuje w przypadku spożycia 1 porcji dziennie (120 g ugotowanej kaszy). Pamiętaj, że zrównoważona dieta i aktywny styl życia są bardzo ważne dla zachowania dobrego samopoczucia i zdrowia."}, {"header": "Składniki i alergeny", "content": "Składniki:kasza gryczana prażona cała. Produkt może zawierać zboża zawierające gluten (pszenicę,jęczmień, owiec,orkisz)."}, {"header": "Przechowywanie i sposób przygotowania", "content": "Sposób podania:Gulasz węgierski, Składniki: 300-400 g mięsa wołowego, 1/2 szklanki oleju, 2 cebule, 1 łyżeczka papryki ostrej mielonej, 2 papryki czerwone, 1 ząbek czosnku, 2 łyżeczki koncentratu pomidorowego, majeranek, kminek, sól, bazylia. Przygotowanie: Mięso opłukać, pokroić na drobne kawałki, włożyć do dużego rondla. Dodać olej, obraną drobno posiekaną cebulę, roztarty czosnek z solą, mieloną paprykę, bazylię, szczyptę kminku i majeranek. Dokładnie wymieszać, podlać kilkoma łyżkami wody i dusić pod przykryciem. W czasie duszenia często mieszać i uzupełniać odparowaną wodę. Paprykę umyć, usunąć pestki, pokroić. Gdy mięso zacznie mięknąć, dodać pokrojoną w paski paprykę i koncentrat pomidorowy. Ugotować kaszę według przepisu na opakowaniu. Ugotowaną kaszę wyłożyć na talerz polewając gorącym gulaszem."}, {"header": "Pozostałe informacje", "content": "Nazwa wymagana prawnie:Kasza gryczana prażona."}], "images": ["data/images/b385b249fd9e173ed8601a92039a978a.jpg", "data/images/17a07b430e420d34ab10ec963f046088.jpg", "data/images/448e78d207d4abf04ff75c219fb8ee5c.jpg", "data/images/31e4f497a2763adebf8420273a66ed34.jpg"], "absolute_path": "Artykuły spożywcze/Produkty sypkie/Kasza/Produkt 12"}
{"name": "Produkt 4", "url": "https://zakupy.biedronka.pl/nestl%C3%A9-nestl%C3%A9-corn-flakes-platki-sniadaniowe-250-g-0000000004.html", "title": "Nestlé Corn Flakes Płatki śniadaniowe 250 g", "brand": "Nestlé", "price": "5.99 PLN", "packaging_details": "0.25kg- 23,96 zł / kg", "description_sections": [{"header": "Opis produktu", "content": "Wybierz delikatne i chrupiące płatki kukurydziane Nestlé CORN FLAKES na pełen słonecznej radości początek dnia! Odżywcza kukurydza oraz witaminy sprawiają, ze płatki Nestlé Corn Flakes to pożywne i pyszne śniadanie dla całej rodziny. Z Nestlé Corn Flakes lepiej zaczniesz każdy dzień!Nutriscore:B"}, {"header": "Składniki i alergeny", "content": "Składniki:SKŁADNIKI: grys kukurydziany, cukier, sól, syrop cukru inwertowanego, regulator kwasowości (fosforany sodu), melasa, substancje wzbogacające: witaminy (B3, B5, B2, B6, B9). Może zawieraćorzeszki ziemneiorzechy."}, {"header": "Pozostałe informacje", "content": "Kraj pochodzenia:PolskaKraj pochodzenia zależy od konkretnej partii produktu jaka znajduje się w sklepie. Informację o kraju pochodzenia znajdziesz na opakowaniu. Możesz również dodać komentarz z preferowanym typem produktu w koszyku lub wiadomości dla shoppera (np. “prosze o pomidory polskie”).Nazwa wymagana prawnie:Chrupiące płatki kukurydziane, z witaminami. Produkt bezglutenowy"}], "images": ["data/images/098ae4aa4ceea9f2a5fcb48b205e629c.jpg"], "absolute_path": "Artykuły spożywcze/Produkty sypkie/Płatki śniadaniowe/Produkt 4"}
{"name": "Produkt 3", "url": "https://zakupy.biedronka.pl/vitanella-vitanella-crunchy-klasyczne-350-g-0000002652.html", "title": "Vitanella Crunchy klasyczne 350 g", "brand": "Vitanella", "price": "5.99 PLN", "packaging_details": "0.35kg- 17,11 zł / kg", "description_sections": [{"header": "Opis produktu", "content": "Chrupiące musli z pełnym ziarnem owsa, z dodatkiem wiórków kokosowych- świetnie smakuje i jest naturalnym źródłem błonnika pokarmowego . To będzie piękny dzień, zacznij go dobrze!Nutriscore:C"}, {"header": "Składniki i alergeny", "content": "Składniki:płatki zbożowe 60% (płatki z pełnego ziarna owsa 55,5%, płatkipszenne); cukier, olej słonecznikowy 7,6%, mąkaowsiana, mąkapszenna, wiórki kokosowe 2,2%, mąka ryżowa, kasza kukurydziana, otrębypszenne, sól, emulgator: lecytyny. Produkt może zawieraćorzeszki ziemne,orzechy,soję,mlekooraz nasionasezamuAlergeny:Zboża zawierajace gluten, \n\nPszenica i produkty z pszenicy, \n\nOwies i produkty owsianeInne informacje o zawartości produktu:Zawiera surowce GMO:Nie, \n\nPoziom znakowania Nutriscore:C"}, {"header": "Wartość odżywcza", "content": "W 100 gWartość energetyczna kcal444 kcalZawartość tłuszczów (ogólnie)14 gKwasy tłuszczowe nasycone2.9 gZawartość węglowodanów67 gCukry21 gZawartość błonnika6.4 gZawartość białek9.3 gZawartość soli0.32 g"}, {"header": "Przechowywanie i sposób przygotowania", "content": "Sposób przygotowania:Porcję produktu zalać mlekiem, jogurtem lub kefirem."}, {"header": "Pozostałe informacje", "content": "Producent:Bakalland S.A.Importer:Jeronimo Martins Polska S.A.Żniwna 5 62-025 Kostrzyn PLNazwa wymagana prawnie:Musli chrupkie klasyczne z wiórkami kokosowymi. Na oleju słonecznikowym. Bez tłuszczów utwardzonych."}], "images": ["data/images/ed48e9a62990896c017412e2dc3f6472.jpg", "data/images/aa2c44790df3309166bb877c004e7952.jpg"], "absolute_path": "Artykuły spożywcze/Produkty sypkie/Płatki śniadaniowe/Produkt 3"}
{"name": "Produkt 2", "url": "https://zakupy.biedronka.pl/nestl%C3%A9-nestl%C3%A9-corn-flakes-chrupiace-platki-kukurydziane-z-witaminami-600-g-0000807746.html", "title": "Nestlé Corn Flakes Chrupiące płatki kukurydziane z witaminami 600 g", "brand": "Nestlé", "price": "12.99 PLN", "packaging_details": "0.6kg- 21,65 zł / kg", "description_sections": [{"header": "Opis produktu", "content": "Twoje ulubione Nestlé Corn Flakes5 witaminbez glutenuPyszneChrupiąceCentrum Zdrowia Dziecka - pozytywna opinia, opinia nr 1\\DJW\\2022Nutriscore:BSubrand:Corn Flakes"}, {"header": "Składniki i alergeny", "content": "Składniki:grys kukurydziany,cukier,sól,syrop cukru inwertowanego,melasa,substancje wzbogacające: witaminy (B3, B5, B2, B6, B9),Do wytworzenia 100 g produktu gotowego użyto 100,5 g grysu kukurydzianegoAlergeny:Nie zawiera Zboża zawierające gluten, \n\nMoże zawierać Orzechy, \n\nMoże zawierać Orzeszki ziemne"}, {"header": "Przechowywanie i sposób przygotowania", "content": "Sposób podania:Jedna porcja 30 g to około 9 łyżek stołowych płatków. Dzieci 7-9 łyżek Dorośli 9-13 łyżek"}, {"header": "Pozostałe informacje", "content": "Nazwa wymagana prawnie:Chrupiące płatki kukurydziane z witaminami."}], "images": ["data/images/597a5cd9a432e4d8c139d950fa78aab9.jpg"], "absolute_path": "Artykuły spożywcze/Produkty sypkie/Płatki śniadaniowe/Produkt 2"}
{"name": "Produkt 5", "url": "https://zakupy.biedronka.pl/nestl%C3%A9-nestl%C3%A9-lion-wildcrush-chrupiace-platki-z-nadzieniem-o-smaku-karmelowo-czekoladowym-350-g-0000018366.html", "title": "Nestlé Lion WildCrush Chrupiące płatki z nadzieniem o smaku karmelowo-czekoladowym 350 g", "brand": "Nestlé", "price": "13.59 PLN", "packaging_details": "0.35kg- 38,83 zł / kg", "description_sections": [{"header": "Opis produktu", "content": "Zaspokój swój dziki apetytChrupiący płatekKremowe nadzienieKakao pozyskiwane ze zrównoważonych źródeł.Zbilansowane śniadanie = miseczka naszych płatków + 125 ml mleka + szklanka wody + świeży owoc - 1z 5 porcji owoców i warzyw na dzieńDodatkowe źródło białkaNutriscore:CSubrand:Lion"}, {"header": "Składniki i alergeny", "content": "Składniki:mąkapszennapełnoziarnista (27 %),cukier,olej słonecznikowy,mąka ryżowa (11,8 %),skrobiapszenna,czekolada (4,9 %) [kakao o obniżonej zawartości tłuszczu*, tłuszcz kakaowy*, cukier],substancja wypełniająca: (węglan wapnia),syrop glukozowy,mąka kukurydziana (2,3 %),serwatka w proszku (zmleka),sól,masło(zmleka),emulgator (lecytyny),maltodekstryna,aromaty naturalne,odtłuszczonemlekow proszku (0,3 %),syrop cukru karmelizowanego,barwnik (beta-karoten),przeciwutleniacz: (mieszanina tokoferoli),substancje wzbogacające (składnik mineralny: żelazo; witaminy B3, B5, B2, B6, B9),Do wytworzenia 100 g tego produktu użyto 27 g składnika pełnoziarnistego,*Certyfikowane Rainforest AllianceAlergeny:Może zawierać Migdały, \n\nMoże zawierać Orzechy brazylijskie, \n\nMoże zawierać Orzechy nerkowca, \n\nMoże zawierać Orzechy laskowe, \n\nMoże zawierać Orzechy makadamia / Orzechy Queensland, \n\nZawiera Mleko, \n\nMoże zawierać Orzechy, \n\nMoże zawierać Orzeszki pekan, \n\nMoże zawierać Pistacje/orzechy pistacjowe, \n\nMoże zawierać Orzechy włoskie, \n\nZawiera PszenicaInne informacje o zawartości produktu:Przeciwutleniacze:Zawiera, \n\nBarwniki:Zawiera, \n\nSmaki / Aromaty:Zawiera, \n\nSyrop glukozowy lub glukozowo-fruktozowy:Zawiera"}, {"header": "Wartość odżywcza", "content": "W 100 gWartość energetyczna432 kcalTłuszcz15.5 gw tym kwasy tłuszczowe nasycone2.4 gWęglowodany65 gw tym cukry24.7 gBłonnik5 gBiałko5.3 gSól0.87 gWitaminy i składniki mineralnew 100  g% RWS w 100  gKwas foliowy103 µg0%Kwas pantotenowy3.5 mg0%Niacyna (B3)9 mg0%Ryboflawina (B2)0.92 mg0%Witamina B60.89 mg0%Żelazo10 mg0%"}, {"header": "Przechowywanie i sposób przygotowania", "content": "Sposób podania:Jedna porcja 30 g to około 4 łyżek stołowych płatków.Dzieci 3-4 łyżkiDorośli 5-6 łyżek"}, {"header": "Pozostałe informacje", "content": "Producent:CEREAL PARTNERS POLAND TORUŃ-PACIFIC Sp. z o.o.\nul. Szosa Lubicka 38\\58,\n87-100 Toruń,\nPolskaDystrybutor:CEREAL PARTNERS POLAND TORUŃ-PACIFIC Sp. z o.o.ul. Szosa Lubicka 38/58 87-100 Toruńcs@pl.nestle.com800 174 902Importer:CPP Torun PacificSzosa Lubicka 38/58 87-100 Toruń PLzamowienia@cppl.nestle.comNazwa wymagana prawnie:Płatki śniadaniowe z nadzieniem o smaku karmelowo-czekoladowym (47,2 %), z witaminami i żelazem."}], "images": ["data/images/b1e31367ff1be1c3b90a4e856b95b622.jpg"], "absolute_path": "Artykuły spożywcze/Produkty sypkie/Płatki śniadaniowe/Produkt 5"}
{"name": "Produkt 1", "url": "https://zakupy.biedronka.pl/vitanella-vitanella-platki-owsiane-gorskie-1-kg-0000017476.html", "title": "Vitanella Płatki owsiane górskie 1 kg", "brand": "Vitanella", "price": "5.79 PLN", "packaging_details": "1kg- 5,79 zł / kg", "description_sections": [{"header": "Opis produktu", "content": "Odkryj moc płatków owsianych górskich. Płatki mają lekko orzechowy aromat. Możesz wykorzystać je zarówno do słodkiej owsianki czy wypieku ciasteczek, jak również do wypieku chleba, a nawet jako panierkę.Nutriscore:A"}, {"header": "Składniki i alergeny", "content": "Składniki:płatkiowsianegórskie. Produkt może zawierać gluten również z jęczmienia,pszenicy, żyta,pszenicyorkiszoraz nasionasezamu.Alergeny:Zboża zawierajace gluten, \n\nOwies i produkty owsianeInne informacje o zawartości produktu:Zawiera surowce GMO:Nie, \n\nPoziom znakowania Nutriscore:A"}, {"header": "Wartość odżywcza", "content": "W 100 gWartość energetyczna kcal363 kcalZawartość tłuszczów (ogólnie)5.7 gKwasy tłuszczowe nasycone1.2 gZawartość węglowodanów60 gCukry1.8 gZawartość błonnika10 gZawartość białek13 gZawartość soli0.02 g"}, {"header": "Przechowywanie i sposób przygotowania", "content": "Sposób przygotowania:Zagotować 500 ml mleka lub wody. Wsypać 5 łyżek płatków owsianych górskich. Gotować około 6 minut da wolnym ogniu, od czasu do czasu mieszając."}, {"header": "Pozostałe informacje", "content": "Dystrybutor:Jeronimo Martins Polska S.A.Żniwna 5 62-025 Kostrzyn PLImporter:Jeronimo Martins Polska S.A.Żniwna 5 62-025 Kostrzyn PLNazwa wymagana prawnie:Płatki owsiane górskie"}], "images": ["data/images/b9c941bc687091bbea0fa0262a5887ba.jpg", "data/images/08787f7787b3b1893b56475ddfe66d44.jpg"], "absolute_path": "Artykuły spożywcze/Produkty sypkie/Płatki śniadaniowe/Produkt 1"}
{"name": "Produkt 6", "url": "https://zakupy.biedronka.pl/nestl%C3%A9-nestl%C3%A9-cini-minis-zbozowe-kwadraciki-o-smaku-cynamonowym-375-g-0000016244.html", "title": "Nestlé Cini Minis Zbożowe kwadraciki o smaku cynamonowym 375 g", "brand": "Nestlé", "price": "11.29 PLN", "packaging_details": "0.375kg- 30,11 zł / kg", "description_sections": [{"header": "Opis produktu", "content": "Nutriscore:CSubrand:Cini Minis"}, {"header": "Składniki i alergeny", "content": "Składniki:mąkapszennapełnoziarnista (33,7 %),mąka ryżowa (30 %),cukier,syrop glukozowy,olej słonecznikowy,substancja wypełniająca (węglan wapnia),skrobiapszenna,sól,cynamon (0,4 %),aromaty naturalne,emulgator (lecytyny),przeciwutleniacz (mieszanina tokoferoli),ekstrakt słodowyjęczmiennyciemny,barwnik (annato norbiksyna),substancje wzbogacające (składnik mineralny: żelazo; witaminy B3, B5, B2, B6, B1, B9, D),Do wytworzenia 100 g tego produktu użyto 33,7 g składnika pełnoziarnistegoAlergeny:Zawiera Jęczmień, \n\nMoże zawierać Mleko, \n\nMoże zawierać Orzechy, \n\nZawiera PszenicaInne informacje o zawartości produktu:Przeciwutleniacze:Zawiera, \n\nBarwniki:Zawiera, \n\nSmaki / Aromaty:Zawiera, \n\nSyrop glukozowy lub glukozowo-fruktozowy:Zawiera"}, {"header": "Wartość odżywcza", "content": "W 100 gWartość energetyczna410 kcalTłuszcz9.3 gw tym kwasy tłuszczowe nasycone1 gWęglowodany72.6 gw tym cukry24.9 gBłonnik6.5 gBiałko5.8 gSól0.85 gWitaminy i składniki mineralnew 100  g% RWS w 100  gKwas foliowy168 µg84%Kwas pantotenowy5 mg83%Niacyna (B3)14 mg88%Ryboflawina (B2)1.2 mg86%Tiamina (B1)1 mg91%Witamina B61.1 mg79%Witamina D3 µg60%Żelazo7.3 mg52%"}, {"header": "Przechowywanie i sposób przygotowania", "content": "Sposób podania:Jedna porcja 30 g to około 5 łyżek stołowych płatków. Dzieci 4-5 łyżek Dorośli 5-8 łyżek"}, {"header": "Pozostałe informacje", "content": "Producent:CEREAL PARTNERS POLAND TORUŃ-PACIFIC Sp. z o.o.\nul. Szosa Lubicka 38\\58,\n87-100 Toruń\nPolskaDystrybutor:Jeronimo Martins Polska S.A.Żniwna 5 62-025 Kostrzyn PLImporter:Jeronimo Martins Polska S.A.Żniwna 5 62-025 Kostrzyn PLNazwa wymagana prawnie:Zbożowe kwadraciki o smaku cynamonowym z witaminami i żelazem."}], "images": ["data/images/993370b3d5beac8dfcd088475483771d.jpg"], "absolute_path": "Artykuły spożywcze/Produkty sypkie/Płatki śniadaniowe/Produkt 6"}
{"name": "Produkt 7", "url": "https://zakupy.biedronka.pl/nestl%C3%A9-nestl%C3%A9-nesquik-alphabet-zbozowe-literki-o-smaku-czekoladowym-275-g--0000012052.html", "title": "Nestlé Nesquik Alphabet Zbożowe literki o smaku czekoladowym 275 g", "brand": "Nestlé", "price": "8.39 PLN", "packaging_details": "0.275kg- 37,29 zł / kg", "description_sections": [{"header": "Opis produktu", "content": "Odkryj nową historię w każdej miseczceWspaniałe zbożowe literkiPełne ziarno składnik nr 1-30 % mniej cukru*Mleko zmienia smak na czekoladowy7 witamin, wapń, żelazoNiech Twoje dziecko cieszy się miseczką wspaniałych zbożowych literekKakao pozyskiwane ze zrównoważonych źródełPłatki Nesquik to źródło żelaza. Żelazo przyczynia się do prawidłowego rozwoju funkcji poznawczych u dzieci. Wspieraj rozwój swojego dziecka. Pamiętaj, że bardzo ważny jest zrównoważony sposób żywienia i zdrowy tryb życia.*O obniżonej zawartości cukru o co najmniej 30 % w stosunku do średniej spośród 85 % produktów w kategorii płatków śniadaniowych o smaku czekoladowym dla dzieci, powszechnie dostępnych na rynku polskim.Nutriscore:ASubrand:Nesquik"}, {"header": "Składniki i alergeny", "content": "Składniki:mąkapszennapełnoziarnista (57,7 %),mąka kukurydziana (20,4 %),cukier,syrop glukozowy,kakao o obniżonej zawartości tłuszczu* (5,8 %),mąka ryżowa (4,3 %),substancja wzbogacająca (składnik mineralny: wapń),sól,aromaty naturalne,substancje wzbogacające (składnik mineralny: żelazo; witaminy: B3, B5, B6, B2, B1, B9, D),*Certyfikowane Rainforest Alliance"}, {"header": "Przechowywanie i sposób przygotowania", "content": "Sposób podania:Jedna porcja 30 g to około 7 łyżek stołowych płatków.Dzieci 6-7 łyżekDorośli 7-11 łyżek"}, {"header": "Pozostałe informacje", "content": "Nazwa wymagana prawnie:Zbożowe literki o smaku czekoladowym, z witaminami i składnikami mineralnymi."}], "images": ["data/images/d378ea5fb9dec35cb0ad9adfeff95785.jpg"], "absolute_path": "Artykuły spożywcze/Produkty sypkie/Płatki śniadaniowe/Produkt 7"}
{"name": "Produkt 8", "url": "https://zakupy.biedronka.pl/lubella-lubella-choco-muszelki-zbozowe-muszelki-o-smaku-czekoladowym-500-g-0000023963.html", "title": "Lubella Choco muszelki Zbożowe muszelki o smaku czekoladowym 500 g", "brand": "Lubella", "price": "9.39 PLN", "packaging_details": "0.5kg- 18,78 zł / kg", "description_sections": [{"header": "Składniki i alergeny", "content": "Składniki:mąka (72 %):pszenna,pszennapełnoziarnista (25 %), kukurydziana,cukier,syrop zpszenicyi słodujęczmiennego,kakao (5,0 %),olej słonecznikowy,kakao o obniżonej zawartości tłuszczu (1,4 %),sól,emulgator: lecytyny,aromaty,substancje wzbogacające: niacyna, witamina B6, tiamina, witamina DAlergeny:Zawiera Jęczmień, \n\nMoże zawierać Mleko, \n\nMoże zawierać Soja, \n\nZawiera PszenicaInne informacje o zawartości produktu:Smaki / Aromaty:Zawiera, \n\nSyrop glukozowy lub glukozowo-fruktozowy:Nie zawiera"}, {"header": "Wartość odżywcza", "content": "W 100 gWartość energetyczna380 kcalTłuszcz3.7 gw tym kwasy tłuszczowe nasycone1.2 gWęglowodany75 gw tym cukry25 gBłonnik6.2 gBiałko8.5 gSól0.4 gWitaminy i składniki mineralnew 100  g% RWS w 100  gFosfor118 mg17%Mangan1.2 mg60%Miedź0.3 mg30%Niacyna (B3)3.5 mg22%Tiamina (B1)0.33 mg30%Witamina B60.35 mg25%Witamina D1.2 µg24%Żelazo3.8 mg27%"}, {"header": "Pozostałe informacje", "content": "Producent:MW FOOD Sp. z o.o.\nul. Chopina 10\n34-100 Wadowice,\nPLDystrybutor:Jeronimo Martins Polska S.A.Żniwna 5 62-025 Kostrzyn PLImporter:Jeronimo Martins Polska S.A.Żniwna 5 62-025 Kostrzyn PLNazwa wymagana prawnie:Zbożowe muszelki o smaku czekoladowym wzbogacone w witaminy."}], "images": ["data/images/f147ac6f3624155db1a7a8ae5807e951.jpg"], "absolute_path": "Artykuły spożywcze/Produkty sypkie/Płatki śniadaniowe/Produkt 8"}
{"name": "Produkt 10", "url": "https://zakupy.biedronka.pl/lubella-lubella-owsianka-z-bananami-truskawkami-100-g-0000009586.html", "title": "Lubella Owsianka z bananami, truskawkami 100 g", "brand": "Lubella", "price": "2.99 PLN", "packaging_details": "0.1kg- 29,90 zł / kg", "description_sections": [{"header": "Opis produktu", "content": "Gęsta i pożywna40 % owsiankiowoce + jogurtpełne ziarnoźródło błonnika pokarmowegoDo szkołyDo pracyNa wycieczkęGotowe danie.Bez dodatku cukru. Zawiera naturalnie występujące cukry. Z pełnym ziarnem."}, {"header": "Składniki i alergeny", "content": "Składniki:gotowane płatkiowsianebłyskawiczne i pełnoziarniste 40 % (woda, płatkiowsianebłyskawiczne i pełnoziarniste),przecier bananowy 14 %,przecier truskawkowy 13,5 %,przecier jabłkowy,zagęszczony sok jabłkowy,jogurtnaturalny 5 %,sok truskawkowy z zagęszczonego soku z truskawek 4,5 %,zagęszczony sok bananowy 3 %,aromat,witaminy: C, D3, B6Alergeny:Zawiera Mleko, \n\nZawiera OwiesInne informacje o zawartości produktu:Smaki / Aromaty:Zawiera"}, {"header": "Wartość odżywcza", "content": "W 100 gWartość energetyczna73 kcalTłuszcz0.9 gw tym kwasy tłuszczowe nasycone0.1 gWęglowodany14 gw tym cukry9.1 gBłonnik1.2 gBiałko1.6 gSól0 gWitaminy i składniki mineralnew 100  g% RWS w 100  gWitamina B60.21 mg15%Witamina C20 mg25%Witamina D30.75 µg15%"}, {"header": "Pozostałe informacje", "content": "Producent:MW FOOD Sp. z o.o.\nul. Chopina 10\n34-100 WadowiceNazwa wymagana prawnie:Owsianka truskawkowo-bananowa. Produkt pasteryzowany."}], "images": ["data/images/3a116acb9e5fe4973b6d6cd561594c7b.jpg"], "absolute_path": "Artykuły spożywcze/Produkty sypkie/Płatki śniadaniowe/Produkt 10"}
{"name": "Produkt 9", "url": "https://zakupy.biedronka.pl/nestl%C3%A9-nestl%C3%A9-kitkat-platki-sniadaniowe-o-smaku-kakaowym-350-g-0001155302.html", "title": "Nestlé KitKat Płatki śniadaniowe o smaku kakaowym 350 g", "brand": "Nestlé", "price": "13.59 PLN", "packaging_details": "0.35kg- 38,83 zł / kg", "description_sections": [{"header": "Opis produktu", "content": "NESTLE KIT KAT - płatki śniadaniowe o smaku kakaowym w polewie z mleczną czekoladą oraz witaminami i składnikami mineralnymi."}, {"header": "Składniki i alergeny", "content": "Składniki:SKŁADNIKI: mąka PSZENNA pełnoziarnista (31,4 %), mąka kukurydziana (21,7 %), cukier, glukoza, olej palmowy, mąka PSZENNA (6,1 %), kakao* (5,4 %), syrop glukozowy, skrobia kukurydziana, odtłuszczone MLEKO w proszku, substancja wzbogacająca (składnik mineralny: wapń), ekstrakt słodowy JĘCZMIENNY, kakao o obniżonej zawartości tłuszczu* (0,5 %), aromaty naturalne, tłuszcz kakaowy*, sól, miazga kakaowa*, emulgator (lecytyny), SERWATKA w proszku (z MLEKA), tłuszcz MLECZNY, przeciwutleniacz (mieszanina tokoferoli), substancje wzbogacające (składnik mineralny: żelazo; witaminy: B3, B5, B6, B2, B9).Może zawierać ORZECHY.*Certyfikowane Rainforest Alliance;"}, {"header": "Pozostałe informacje", "content": "Kraj pochodzenia:PolskaKraj pochodzenia zależy od konkretnej partii produktu jaka znajduje się w sklepie. Informację o kraju pochodzenia znajdziesz na opakowaniu. Możesz również dodać komentarz z preferowanym typem produktu w koszyku lub wiadomości dla shoppera (np. “prosze o pomidory polskie”).Dystrybutor:Jeronimo Martins Polska S.A.Żniwna 5 62-025 Kostrzyn PLImporter:Jeronimo Martins Polska S.A.Żniwna 5 62-025 Kostrzyn PLNazwa wymagana prawnie:Zbożowe płatki śniadaniowe o smaku kakaowym, z mleczną czekoladą (2%) oraz witaminami i składnikami mineralnymi"}], "images": ["data/images/fd4340a2d91cb4fc49048c34ce3b0f13.jpg"], "absolute_path": "Artykuły spożywcze/Produkty sypkie/Płatki śniadaniowe/Produkt 9"}
{"name": "Produkt 11", "url": "https://zakupy.biedronka.pl/nestl%C3%A9-nestl%C3%A9-kangus-puszyste-ziarno-pszenicy-w-zlocistym-miodzie-250-g-0000012053.html", "title": "Nestlé Kangus Puszyste ziarno pszenicy w złocistym miodzie 250 g", "brand": "Nestlé", "price": "8.39 PLN", "packaging_details": "0.25kg- 37,29 zł / kg", "description_sections": [{"header": "Opis produktu", "content": "\"Płatki KANGUS to delikatnie chrupiące, puszyste ziarna pszenicy oblane złocistym miodem. Wzbogacone w witaminy i składniki mineralne, w tym wapń.Arcydanie na śniadanie, które w mig Cię rozkangurzy!\""}, {"header": "Składniki i alergeny", "content": "Składniki:SKŁADNIKI:pszenica(68,5%), cukier, oligofruktoza, syrop glukozowy, miód (2,8%), substancja wzbogacająca (składnik mineralny: wapń), olej słonecznikowy, substancje wzbogacające (witaminy: B3, B5, B6, B2, B9). Może zawieraćmleko,orzeszki ziemneiorzechy. % - odnosi się do zawartości składnika w całym produkcie.Alergeny:Zboża zawierajace glutenInne informacje o zawartości produktu:Zawiera surowce GMO:Nie, \n\nOsłonka niejadalna:Nie, \n\nInformacje szczegółowe dotyczące środków słodzących:Nie, \n\nZawiera lukrecję:Nie, \n\nZawiera chininę:Nie, \n\nZawiera taurynę:Nie, \n\nZawiera przeciwutleniacze:Nie, \n\nZawiera wzmacniacze smaku:Nie, \n\nZawiera fosforany:Nie, \n\nZawiera barwniki:Nie, \n\nZawiera substancje konserwujące:Nie, \n\nZawiera kofeinę:Nie, \n\nŚrodki spozywcze z dodatkiem fitosteroli, estrów fitosteroli, fitostanoli lub estrów fitostanoli:Nie"}, {"header": "Wartość odżywcza", "content": "W 100 gWartość energetyczna kcal371 kcalZawartość tłuszczów (ogólnie)1.9 gKwasy tłuszczowe nasycone0.3 gZawartość węglowodanów73.8 gCukry27.5 gZawartość błonnika11.1 gZawartość białek9.1 gZawartość soli0.01 gWitaminy i składniki mineralnew 100 g% RWS w 100 gKwas foliowy (witamina B9)130 μg65%Kwas pantotenowy (witamina B5)3.44 mg57%Niacyna (witamina B3, PP)10.5 mg66%Pirydoksyna (witamina B6)0.98 mg70%Ryboflawina (witamina B2)0.87 mg62%Wapń477 mg60%"}, {"header": "Przechowywanie i sposób przygotowania", "content": "Sposób podania:Jedna porcja 30 g to około 7 łyżek stołowych płatków.Dzieci 6-7 łyżekDorośli 7-11 łyżek"}, {"header": "Pozostałe informacje", "content": "Kraj pochodzenia:PolskaKraj pochodzenia zależy od konkretnej partii produktu jaka znajduje się w sklepie. Informację o kraju pochodzenia znajdziesz na opakowaniu. Możesz również dodać komentarz z preferowanym typem produktu w koszyku lub wiadomości dla shoppera (np. “prosze o pomidory polskie”).Producent:CPP Toruń Pacific Sp. z o.o.Importer:CPP Torun PacificSzosa Lubicka 38/58 87-100 Toruń PLzamowienia@cppl.nestle.comNazwa wymagana prawnie:Puszyste ziarno pszenicy w złocistym miodzie, z witaminami i wapniem. Produkt ekspandowany"}], "images": ["data/images/c3c6d18da4dfd8d1e20c939a1d83dfc3.jpg"], "absolute_path": "Artykuły spożywcze/Produkty sypkie/Płatki śniadaniowe/Produkt 11"}
{"name": "Produkt 14", "url": "https://zakupy.biedronka.pl/nestl%C3%A9-nestl%C3%A9-lion-platki-sniadaniowe-karmel-i-czekolada-375-g-0000017520.html", "title": "Nestlé Lion Płatki śniadaniowe karmel i czekolada 375 g", "brand": "Nestlé", "price": "11.29 PLN", "packaging_details": "0.375kg- 30,11 zł / kg", "description_sections": [{"header": "Opis produktu", "content": "Kakao pozyskiwane ze zrównoważonych źródełNutriscore:CSubrand:Lion"}, {"header": "Składniki i alergeny", "content": "Składniki:mąkapszennapełnoziarnista (40,9 %),mąkapszenna(30,6 %),cukier,syrop glukozowy,olej słonecznikowy,czekolada (3 %) [kakao*, cukier, miazga kakaowa*],substancja wzbogacająca (składnik mineralny: wapń),sól,aromaty naturalne,syrop cukru karmelizowanego (0,1 %),emulgator (lecytyny),substancje wzbogacające (składnik mineralny: żelazo; witaminy B3, B5, B2, B6, B1, B9, D),*Certyfikowane Rainforest Alliance,Do wytworzenia 100 g tego produktu użyto 40,9 g składnika pełnoziarnistegoAlergeny:Może zawierać Mleko, \n\nMoże zawierać Orzechy, \n\nZawiera PszenicaInne informacje o zawartości produktu:Smaki / Aromaty:Zawiera, \n\nSyrop glukozowy lub glukozowo-fruktozowy:Zawiera"}, {"header": "Wartość odżywcza", "content": "W 100 gWartość energetyczna397 kcalTłuszcz6.1 gw tym kwasy tłuszczowe nasycone0.9 gWęglowodany73.6 gw tym cukry23.9 gBłonnik6.6 gBiałko8.4 gSól0.45 gWitaminy i składniki mineralnew 100  g% RWS w 100  gKwas foliowy173 µg87%Kwas pantotenowy5.1 mg85%Niacyna (B3)14 mg88%Ryboflawina (B2)1.3 mg93%Tiamina (B1)1.1 mg100%Wapń497 mg62%Witamina B61.3 mg93%Witamina D3.1 µg62%Żelazo8.4 mg60%"}, {"header": "Przechowywanie i sposób przygotowania", "content": "Sposób podania:Jedna porcja 30 g to około 4 łyżek stołowych płatków. Dzieci 3-4 łyżki Dorośli 4-6 łyżek"}, {"header": "Pozostałe informacje", "content": "Producent:CEREAL PARTNERS POLAND TORUŃ-PACIFIC Sp. z o.o.\nul. Szosa Lubicka 38\\58,\n87-100 Toruń\nPolskaNazwa wymagana prawnie:Płatki śniadaniowe z czekolada (3 %) i pastą karmelową (5,6 %), z witaminami i składnikami mineralnymi."}], "images": ["data/images/2f6a6384bb75b651f2d1fb980030facb.jpg"], "absolute_path": "Artykuły spożywcze/Produkty sypkie/Płatki śniadaniowe/Produkt 14"}
{"name": "Produkt 12", "url": "https://zakupy.biedronka.pl/nestl%C3%A9-nestl%C3%A9-cheerios-zbozowe-koleczka-z-miodem-375-g-0000017518.html", "title": "Nestlé Cheerios Zbożowe kółeczka z miodem 375 g", "brand": "Nestlé", "price": "11.29 PLN", "packaging_details": "0.35kg- 32,26 zł / kg", "description_sections": [{"header": "Opis produktu", "content": "Miodowe kółeczka - na dobry początek dnia!- źródło błonnika- 7 witamin, wapń i żelazo- bez barwników- bez sztucznych aromatówSubrand:Cheerios"}, {"header": "Składniki i alergeny", "content": "Składniki:mąkaowsianapełnoziarnista (30,3 %),mąkapszennapełnoziarnista (28,1 %),cukier,mąkajęczmiennapełnoziarnista (17,3 %),mąkapszenna(6,7 %),syrop cukru inwertowanego,miód (2,2 %),substancja wzbogacająca (składnik mineralny: wapń),sól,zawiera olej słonecznikowy i/lub palmowy,melasa,aromaty naturalne,przeciwutleniacz (mieszanina tokoferoli),substancje wzbogacające (składnik mineralny: żelazo; witaminy: C, B3, B5, B2, B6, B9, D),Do wytworzenia 100 g tego produktu użyto 75,7 g składnika pełnoziarnistegoAlergeny:Zawiera Jęczmień, \n\nMoże zawierać Mleko, \n\nMoże zawierać Orzechy, \n\nZawiera Owies, \n\nZawiera Pszenica"}, {"header": "Przechowywanie i sposób przygotowania", "content": "Sposób podania:Jedna porcja 30 g to około 7 łyżek stołowych płatków. Dzieci 6-7 łyżek Dorośli 7-11 łyżek"}, {"header": "Pozostałe informacje", "content": "Nazwa wymagana prawnie:Zbożowe kółeczka z miodem, z witaminami i składnikami mineralnymi."}], "images": ["data/images/4215cb5af50452d6e56e9b52d54b7ec0.jpg"], "absolute_path": "Artykuły spożywcze/Produkty sypkie/Płatki śniadaniowe/Produkt 12"}
{"name": "Produkt 15", "url": "https://zakupy.biedronka.pl/vitanella-vitanella-orito-kakaowe-350-g-0000004987.html", "title": "Vitanella Orito kakaowe 350 g", "brand": "Vitanella", "price": "8.49 PLN", "packaging_details": "0.35kg- 24,26 zł / kg", "description_sections": [{"header": "Opis produktu", "content": "Nutriscore:D"}, {"header": "Składniki i alergeny", "content": "Składniki:50% krem mleczno- śmietankowy [cukier, tłuszcz roślinny (shea), 7%mlekopełne w proszku, 5%mlekow proszku odtłuszczone, maltodekstryna, olej rzepakowy, 1% śmietanka w proszku, emulgator: lecytyny, naturalny aromat], 42% mąka (pszenna, kukurydziana, ryżowa,pszennapełnoziarnista), 5% kakao o obniżonej zawartości tłuszczu, cukier, substancja spulchniająca: węglany sodu, substancje wzbogacające: witamina E, tiamina, ryboflawina, niacyna, witamina B6, kwas foliowy, kwas pantotenowy. Produkt może zawieraćorzeszki ziemne,orzechy,sojęoraz nasionasezamu."}, {"header": "Pozostałe informacje", "content": "Nazwa wymagana prawnie:Poduszki zbożowe kakaowe z nadzieniem mleczno-śmietankowym wzbogacone w 7 witamin"}], "images": ["data/images/65eabe4b9c28212ce482bc026b45dd6c.jpg"], "absolute_path": "Artykuły spożywcze/Produkty sypkie/Płatki śniadaniowe/Produkt 15"}
{"name": "Produkt 13", "url": "https://zakupy.biedronka.pl/lubella-lubella-choco-piegolaki-zbozowe-chrupki-w-ksztalcie-ciasteczek-o-smaku-czekoladowym-500-g-0000023964.html", "title": "Lubella Choco piegołaki Zbożowe chrupki w kształcie ciasteczek o smaku czekoladowym 500 g", "brand": "Lubella", "price": "9.39 PLN", "packaging_details": "0.5kg- 18,78 zł / kg", "description_sections": [{"header": "Składniki i alergeny", "content": "Składniki:mąka (71 %):pszenna,pszennapełnoziarnista (26 %), kukurydziana,cukier,syrop zpszenicyi słodujęczmiennego,skrobiapszenna,kakao (1,8 %),substancja spulchniająca: węglany sodu,kakao o obniżonej zawartości tłuszczu (0,5 %),sól,aromaty,olej rzepakowy,substancje wzbogacające: niacyna, witamina B6, tiamina, witamina DAlergeny:Zawiera Jęczmień, \n\nMoże zawierać Mleko, \n\nMoże zawierać Soja, \n\nZawiera PszenicaInne informacje o zawartości produktu:Smaki / Aromaty:Zawiera, \n\nSyrop glukozowy lub glukozowo-fruktozowy:Nie zawiera"}, {"header": "Wartość odżywcza", "content": "W 100 gWartość energetyczna380 kcalTłuszcz2.2 gw tym kwasy tłuszczowe nasycone0.9 gWęglowodany80 gw tym cukry27 gBłonnik4 gBiałko8 gSól0.89 gWitaminy i składniki mineralnew 100  g% RWS w 100  gFosfor105 mg15%Mangan1 mg50%Miedź0.15 mg15%Niacyna (B3)2.4 mg15%Tiamina (B1)0.24 mg22%Witamina B60.29 mg21%Witamina D0.75 µg15%Żelazo2.5 mg18%"}, {"header": "Pozostałe informacje", "content": "Producent:MW FOOD Sp. z o.o.\nul Chopina 10\n34-100 Wadowice,\nPLDystrybutor:Jeronimo Martins Polska S.A.Żniwna 5 62-025 Kostrzyn PLImporter:Jeronimo Martins Polska S.A.Żniwna 5 62-025 Kostrzyn PLNazwa wymagana prawnie:Zbożowe chrupki w kształcie ciasteczek o smaku czekoladowym wzbogacone w witaminy."}], "images": ["data/images/f4323fb37e844efb65f0fa60eb47cdc5.jpg"], "absolute_path": "Artykuły spożywcze/Produkty sypkie/Płatki śniadaniowe/Produkt 13"}
{"name": "Produkt 17", "url": "https://zakupy.biedronka.pl/nestl%C3%A9-nestl%C3%A9-corn-flakes-platki-kukurydziane-500-g-0000004833.html", "title": "Nestlé Corn Flakes Płatki kukurydziane 500 g", "brand": "Nestlé", "price": "11.39 PLN", "packaging_details": "0.5kg- 22,78 zł / kg", "description_sections": [{"header": "Opis produktu", "content": "Wybierz delikatne i chrupiące płatki kukurydziane Nestlé CORN FLAKES na pełen słonecznej radości początek dnia! Odżywcza kukurydza oraz witaminy sprawiają, ze płatki Nestlé Corn Flakes to pożywne i pyszne śniadanie dla całej rodziny. Z Nestlé Corn Flakes lepiej zaczniesz każdy dzień!Nutriscore:B"}, {"header": "Składniki i alergeny", "content": "Składniki:SKŁADNIKI: grys kukurydziany, cukier, sól, syrop cukru inwertowanego, regulator kwasowości (fosforany sodu), melasa, substancje wzbogacające: witaminy (B3, B5, B2, B6, B9). Może zawieraćorzeszki ziemneiorzechy.Inne informacje o zawartości produktu:Zawiera surowce GMO:Nie, \n\nOsłonka niejadalna:Nie, \n\nInformacje szczegółowe dotyczące środków słodzących:Nie, \n\nZawiera lukrecję:Nie, \n\nZawiera chininę:Nie, \n\nZawiera taurynę:Nie, \n\nZawiera przeciwutleniacze:Nie, \n\nZawiera wzmacniacze smaku:Nie, \n\nZawiera fosforany:Tak, \n\nZawiera barwniki:Nie, \n\nZawiera aromaty:Nie, \n\nZawiera antybiotyki:Nie, \n\nZawiera substancje konserwujące:Nie, \n\nZawiera tłuszcze utwardzone (trans):Nie, \n\nZawiera olej palmowy:Nie, \n\nZawiera kofeinę:Nie, \n\nŚrodki spozywcze z dodatkiem fitosteroli, estrów fitosteroli, fitostanoli lub estrów fitostanoli:Nie, \n\nPlant based - produkt bazujący na składnikach roślinnych:Nie, \n\nZawartość owoców/warzyw/orzechów w produkcie:0, \n\nPoziom znakowania Nutriscore:B"}, {"header": "Wartość odżywcza", "content": "W 100 gWartość energetyczna kcal383 kcalZawartość tłuszczów (ogólnie)1.4 gKwasy tłuszczowe nasycone0.6 gZawartość węglowodanów83 gCukry8.9 gZawartość błonnika4.2 gZawartość białek7.5 gZawartość soli1.33 gWitaminy i składniki mineralnew 100 g% RWS w 100 gKwas foliowy (witamina B9)184 μg92%Kwas pantotenowy (witamina B5)3.9 mg65%Niacyna (witamina B3, PP)17 mg106%Pirydoksyna (witamina B6)1.2 mg86%Ryboflawina (witamina B2)1.3 mg93%"}, {"header": "Pozostałe informacje", "content": "Kraj pochodzenia:PolskaKraj pochodzenia zależy od konkretnej partii produktu jaka znajduje się w sklepie. Informację o kraju pochodzenia znajdziesz na opakowaniu. Możesz również dodać komentarz z preferowanym typem produktu w koszyku lub wiadomości dla shoppera (np. “prosze o pomidory polskie”).Producent:CPP Toruń Pacific Sp. z o.o.Importer:CPP Torun PacificSzosa Lubicka 38/58 87-100 Toruń PLzamowienia@cppl.nestle.comNazwa wymagana prawnie:Chrupiące płatki kukurydziane, z witaminami. Produkt bezglutenowy"}], "images": ["data/images/76dd02738313c454d9aaee6106df5669.jpg"], "absolute_path": "Artykuły spożywcze/Produkty sypkie/Płatki śniadaniowe/Produkt 17"}
{"name": "Produkt 18", "url": "https://zakupy.biedronka.pl/go-active-go-active-musli-z-orzechami-i-kawa-200-g-0000009521.html", "title": "Go Active Musli z orzechami i kawą 200 g", "brand": "Go Active", "price": "8.39 PLN", "packaging_details": "0.2kg- 41,95 zł / kg", "description_sections": [{"header": "Opis produktu", "content": "W mieszance Go Active znajdziesz połączenie naturalnego źródła białka pochodzącego z takich składników jak orzechy, nasiona i zboża, oraz nutę aromatycznej, pobudzającej kawy. Musli Go Active to świetny pomysł na początek dnia!Nutriscore:A"}, {"header": "Składniki i alergeny", "content": "Składniki:45% płatki zbożowe (owsianepełnoziarniste,pszennepełnoziarniste), 10% połówki prażonych orzeszków ziemnych, 10%orzechy(połówki prażonychorzechówlaskowych, 4%migdały, 2%orzechynerkowce). Quinoa (ekspandowane ziarna komosy ryżowej), ziarna słonecznika, 5% pestki dyni, kawałki suszonych jabłek, 4% siemię lniane, 3% nasiona chia [nasiona szałwii hiszpańskiej (Salvia hispanica)]m 2% kawa rozpuszczalna. Produkt może zawierać inneorzechy,soję,mlekooraz nasionasezamuAlergeny:Zboża zawierajace gluten, \n\nPszenica i produkty z pszenicy, \n\nOwies i produkty owsiane, \n\nOrzeszki ziemne (arachidowe) i produkty pochodne, \n\nOrzechy, \n\nMigdały i produkty z migdałami, \n\nOrzechy laskowe i produkty z orzechów laskowych, \n\nOrzechy nerkowca i produkty z orzecha nerkowcaInne informacje o zawartości produktu:Zawiera surowce GMO:Nie, \n\nPoziom znakowania Nutriscore:A"}, {"header": "Wartość odżywcza", "content": "W 100 gWartość energetyczna kcal456 kcalZawartość tłuszczów (ogólnie)22 gKwasy tłuszczowe nasycone2.8 gZawartość węglowodanów42 gCukry4.7 gZawartość błonnika11 gZawartość białek17 gZawartość soli0.06 g"}, {"header": "Przechowywanie i sposób przygotowania", "content": "Sposób przygotowania:Porcję produktu zalać mlekiem, jogurtem lub kefirem."}, {"header": "Pozostałe informacje", "content": "Producent:Jeronimo Martins Polska S.A.Dystrybutor:Jeronimo Martins Polska S.A.Żniwna 5 62-025 KostrzynImporter:Jeronimo Martins Polska S.A.Żniwna 5 62-025 Kostrzyn PLNazwa wymagana prawnie:Musli-mieszanka płatków zbożowych z połówkami prażonych orzeszków ziemnych, orzechami i kawą rozpuszczalną"}], "images": ["data/images/72b3952fcec63698a75b79a327af258f.jpg"], "absolute_path": "Artykuły spożywcze/Produkty sypkie/Płatki śniadaniowe/Produkt 18"}
{"name": "Produkt 19", "url": "https://zakupy.biedronka.pl/nestl%C3%A9-nestl%C3%A9-lion-triple-crunchy-platki-sniadaniowe-ze-slonym-karmelem-350-g-0001155303.html", "title": "Nestlé Lion Triple Crunchy Płatki śniadaniowe ze słonym karmelem 350 g", "brand": "Nestlé", "price": "13.59 PLN", "packaging_details": "0.35kg- 38,83 zł / kg", "description_sections": [{"header": "Opis produktu", "content": "- bez sztucznych aromatów i bez barwników- źródło 5 witamin, wapnia i żelazaNutriscore:DSubrand:Lion"}, {"header": "Składniki i alergeny", "content": "Składniki:mąkapszennapełnoziarnista (38,6 %),mąka kukurydziana (26,5 %),cukier,syrop glukozowy,olej słonecznikowy,glukoza,kakao o obniżonej zawartości tłuszczu* (2,1 %),substancja wzbogacająca (składnik mineralny: wapń),mlekopełne w proszku (0,7 %),sól,skrobia kukurydziana,miazga kakaowa* (0,4 %),odtłuszczonemlekow proszku (0,4 %),aromaty naturalne,kakao* (0,4 %),emulgator (lecytyny),syrop cukru karmelizowanego (0,09 %),tłuszcz kakaowy* (0,08 %),przeciwutleniacz (mieszanina tokoferoli),serwatka w proszku (zmleka),tłuszczmleczny,substancje wzbogacające (składnik mineralny: żelazo; witaminy: B3, B5, B6, B2, B9),*Certyfikowane Rainforest Alliance. Więcej informacji na stronie ra.org,Do wytworzenia 100 g tego produktu użyto 38,6 g składnika pełnoziarnistegoAlergeny:Zawiera Mleko, \n\nMoże zawierać Orzechy, \n\nZawiera PszenicaInne informacje o zawartości produktu:Przeciwutleniacze:Zawiera, \n\nSztuczne aromaty:Nie zawiera, \n\nBarwniki:Nie zawiera, \n\nSmaki / Aromaty:Zawiera, \n\nSyrop glukozowy lub glukozowo-fruktozowy:Zawiera"}, {"header": "Wartość odżywcza", "content": "W 100 gWartość energetyczna406 kcalTłuszcz8.3 gw tym kwasy tłuszczowe nasycone1.4 gWęglowodany72.3 gw tym cukry23.8 gBłonnik6.4 gBiałko7.4 gSól0.66 gWitaminy i składniki mineralnew 100  g% RWS w 100  gKwas foliowy117 µg59%Kwas pantotenowy4.2 mg70%Niacyna (B3)10 mg63%Ryboflawina (B2)1 mg71%Wapń404 mg51%Witamina B61.4 mg100%Żelazo12 mg86%"}, {"header": "Przechowywanie i sposób przygotowania", "content": "Sposób podania:Jedna porcja 30 g to około 5 łyżek stołowych płatków. Dzieci 4-5 łyżki Dorośli 5-8 łyżek"}, {"header": "Pozostałe informacje", "content": "Producent:CEREAL PARTNERS POLAND TORUŃ-PACIFIC Sp. z o.o.\nul. Szosa Lubicka 38\\58,\n87-100 Toruń\nPolskaDystrybutor:Jeronimo Martins Polska S.A.Żniwna 5 62-025 Kostrzyn PLImporter:Jeronimo Martins Polska S.A.Żniwna 5 62-025 Kostrzyn PLNazwa wymagana prawnie:Płatki śniadaniowe ze słonym karmelem (5,2 %) oraz polewą z czekoladą (1,1 %) i czekoladą mleczną (0,5 %), z witaminami i składnikami mineralnymi."}], "images": ["data/images/5e811c35a765e76f59664a730cf73b23.jpg"], "absolute_path": "Artykuły spożywcze/Produkty sypkie/Płatki śniadaniowe/Produkt 19"}
{"name": "Produkt 20", "url": "https://zakupy.biedronka.pl/lubella-lubella-owsianka-z-bananami-i-truskawkami-100-g-0000017470.html", "title": "Lubella Owsianka z bananami i truskawkami 100 g", "brand": "Lubella", "price": "2.99 PLN", "packaging_details": "0.1kg- 29,90 zł / kg", "description_sections": [{"header": "Opis produktu", "content": "- pożywna przekąska na zaspokojenie lekkiego głodu- jak domowa owsianka- pełne ziarno- produkt zweryfikowany w badaniach konsumenckich- bez dodatku cukru- wygodna i praktyczna forma opakowania"}, {"header": "Składniki i alergeny", "content": "Składniki:gotowane płatkiowsianebłyskawiczne i pełnoziarniste 40% (woda, płatkiowsianebłyskawiczne i pełnoziarniste), przecier bananowy 14%, przecier truskawkowy 13,5%, przecier jabłkowy, zagęszczony sok jabłkowy,jogurtnaturalny 5%, sok truskawkowy z zagęszczonego soku z truskawek 4,5%, zagęszczony sok bananowy 3%, aromat, witaminy: C,D3,B6Alergeny:Mleko i produkty pochodne (łącznie z laktozą), \n\nZboża zawierajace gluten, \n\nOwies i produkty owsianeInne informacje o zawartości produktu:Zawiera surowce GMO:Nie, \n\nOsłonka niejadalna:Nie, \n\nInformacje szczegółowe dotyczące środków słodzących:Nie, \n\nZawiera lukrecję:Nie, \n\nZawiera chininę:Nie, \n\nZawiera taurynę:Nie, \n\nZawiera przeciwutleniacze:Nie, \n\nZawiera wzmacniacze smaku:Nie, \n\nZawiera fosforany:Nie, \n\nZawiera siarczyny:Nie, \n\nZawiera barwniki:Nie, \n\nZawiera substancje konserwujące:Nie, \n\nZawiera kofeinę:Nie, \n\nŚrodki spozywcze z dodatkiem fitosteroli, estrów fitosteroli, fitostanoli lub estrów fitostanoli:Nie"}, {"header": "Wartość odżywcza", "content": "W 100 gWartość energetyczna kcal73 kcalZawartość tłuszczów (ogólnie)0.9 gKwasy tłuszczowe nasycone0.1 gZawartość węglowodanów14 gCukry9.1 gZawartość błonnika1.2 gZawartość białek1.6 gZawartość soli0 gWitaminy i składniki mineralnew 100 g% RWS w 100 gPirydoksyna (witamina B6)0.21 mg15%Witamina C20 mg25%Witamina D0.75 μg15%"}, {"header": "Pozostałe informacje", "content": "Kraj pochodzenia:PolskaKraj pochodzenia zależy od konkretnej partii produktu jaka znajduje się w sklepie. Informację o kraju pochodzenia znajdziesz na opakowaniu. Możesz również dodać komentarz z preferowanym typem produktu w koszyku lub wiadomości dla shoppera (np. “prosze o pomidory polskie”).Importer:MW FOOD Sp. z o.o.Chopina 10 34-100 Wadowice PLmaspex@maspex.comNazwa wymagana prawnie:Owsianka truskawkowo- bananowa. Produkt pasteryzowany"}], "images": ["data/images/131037ecf4a390ccf489a80a0018279e.jpg"], "absolute_path": "Artykuły spożywcze/Produkty sypkie/Płatki śniadaniowe/Produkt 20"}
{"name": "Produkt 16", "url": "https://zakupy.biedronka.pl/nestl%C3%A9-nestl%C3%A9-trix-platki-sniadaniowe-o-smaku-owocowym-350-g-0000018365.html", "title": "Nestlé Trix Płatki śniadaniowe o smaku owocowym 350 g", "brand": "Nestlé", "price": "13.59 PLN", "packaging_details": "0.35kg- 38,83 zł / kg", "description_sections": [{"header": "Opis produktu", "content": "NESTLÉ TRIX – płatki śniadaniowe o smaku owocowym, w różnych kształtach, z witaminami i składnikami mineralnymi."}, {"header": "Składniki i alergeny", "content": "Składniki:SKŁADNIKI: mąka kukurydziana pełnoziarnista (39,9 %), mąka kukurydziana (39,6 %), cukier, syrop glukozowy, olej słonecznikowy, substancja wzbogacająca (składnik mineralny: wapń), substancja zgęszczająca (guma arabska), koncentraty ze słodkich ziemniaków i marchwi, mineralna sól potasowa, aromat naturalny, koncentrat z czarnej marchwi, regulatory kwasowości (cytrynian trisodowy, kwas cytrynowy), przeciwutleniacz: (mieszanina tokoferoli), ekstrakt ze spiruliny, barwnik (beta-karoten), substancje wzbogacające (składnik mineralny: żelazo; witaminy: B3, B5, B2, B6, B9). Może zawierać MLEKO, ORZECHY i ZBOŻA ZAWIERAJĄCE GLUTEN."}, {"header": "Pozostałe informacje", "content": "Kraj pochodzenia:PolskaKraj pochodzenia zależy od konkretnej partii produktu jaka znajduje się w sklepie. Informację o kraju pochodzenia znajdziesz na opakowaniu. Możesz również dodać komentarz z preferowanym typem produktu w koszyku lub wiadomości dla shoppera (np. “prosze o pomidory polskie”).Nazwa wymagana prawnie:Płatki śniadaniowe o smaku owocowym, w różnych kształtach, z witaminami i składnikami mineralnymi"}], "images": ["data/images/a784cd8a36d65d26743446fdb262d8da.jpg"], "absolute_path": "Artykuły spożywcze/Produkty sypkie/Płatki śniadaniowe/Produkt 16"}
{"name": "Produkt 1", "url": "https://zakupy.biedronka.pl/bakello-bakello-kisiel-instant-malinowy-30-g-0000017676.html", "title": "Bakello Kisiel instant malinowy 30 g", "brand": "Bakello", "price": "1.05 PLN", "packaging_details": "0.03kg- 35,00 zł / kg", "description_sections": [{"header": "Opis produktu", "content": "Kisiel o smaku owoców leśnych z kawałkami owoców z dodatkiem witaminy C"}, {"header": "Składniki i alergeny", "content": "Składniki:Cukier, skrobia, maliny liofilizowane (4,8%), regulator kwasowości: kwas cytrynowy, koncentrat soku z buraka czerwonego w proszku, naturalny aromat, ekstrakt z hibiskusa, sól, barwnik: antocyjany, witamina C (kwas L-askorbionowy).Inne informacje o zawartości produktu:Zawiera surowce GMO:Nie"}, {"header": "Wartość odżywcza", "content": "W 100 gWartość energetyczna kcal58 kcalZawartość tłuszczów (ogólnie)0 gKwasy tłuszczowe nasycone0 gZawartość węglowodanów14 gCukry7 gZawartość białek0 gZawartość soli0 gWitaminy i składniki mineralnew 100 g% RWS w 100 gWitamina C12 mg0%"}, {"header": "Przechowywanie i sposób przygotowania", "content": "Sposób przygotowania:Do kubka wlej 175 ml wrzącej wody (3/4 kubka). Wsypuj powoli zawartość torebki, cały czas mieszając. Energicznie mieszaj łyżeczką do uzyskania gładkiej konsystencji. Kisiel gotowy do spożycia."}, {"header": "Pozostałe informacje", "content": "Kraj pochodzenia:PolskaKraj pochodzenia zależy od konkretnej partii produktu jaka znajduje się w sklepie. Informację o kraju pochodzenia znajdziesz na opakowaniu. Możesz również dodać komentarz z preferowanym typem produktu w koszyku lub wiadomości dla shoppera (np. “prosze o pomidory polskie”).Dystrybutor:Jeronimo Martins Polska S.A.Żniwna 5 62-025 Kostrzyn PLImporter:Kruger Polska Sp. z o.o.Podstoczysko 42 07-300 Ostrów Mazowiecka PLartur.jankowski@kruger.plNazwa wymagana prawnie:Kisiel o smaku malinowym w proszku z kawałkami owoców z dodatkiem witaminy C"}], "images": ["data/images/0291084ed41a77e2b72bc5e53c577bb7.jpg"], "absolute_path": "Artykuły spożywcze/Produkty w proszku/Kisiel/Produkt 1"}
{"name": "Produkt 21", "url": "https://zakupy.biedronka.pl/nestl%C3%A9-nestl%C3%A9-cookie-crisp-zbozowe-platki-w-ksztalcie-ciasteczek-o-smaku-czekoladowym-375-g-0000016243.html", "title": "Nestlé Cookie Crisp Zbożowe płatki w kształcie ciasteczek o smaku czekoladowym 375 g", "brand": "Nestlé", "price": "11.29 PLN", "packaging_details": "0.375kg- 30,11 zł / kg", "description_sections": [{"header": "Opis produktu", "content": "Płatki w kształcie ciasteczek:- Pełne ziarno składnik nr 1- Bez sztucznych aromatówKakao pozyskiwane ze zrównoważonych źródełNutriscore:BSubrand:Cookie Crisp"}, {"header": "Składniki i alergeny", "content": "Składniki:mąkapszennapełnoziarnista (34,5 %),mąka kukurydziana (28,3 %),cukier,syrop glukozowy,skrobiapszenna,olej słonecznikowy,mąkapszenna(2,4 %),kakao o obniżonej zawartości tłuszczu* (2 %),substancja wzbogacająca (składnik mineralny: wapń),sól,substancja spulchniająca: (wodorowęglan sodu),aromat naturalny,przeciwutleniacz: (mieszanina tokoferoli),substancje wzbogacające (składnik mineralny: żelazo, witaminy B3, B5, B2, B6, B9, D),*Certyfikowane Rainforest Alliance,Do wytworzenia 100 g tego produktu użyto 34,5 g składnika pełnoziarnistegoAlergeny:Może zawierać Mleko, \n\nMoże zawierać Orzechy, \n\nZawiera PszenicaInne informacje o zawartości produktu:Przeciwutleniacze:Zawiera, \n\nSztuczne aromaty:Nie zawiera, \n\nSmaki / Aromaty:Zawiera, \n\nSyrop glukozowy lub glukozowo-fruktozowy:Zawiera"}, {"header": "Wartość odżywcza", "content": "W 100 gWartość energetyczna393 kcalTłuszcz5.2 gw tym kwasy tłuszczowe nasycone0.9 gWęglowodany78 gw tym cukry22.4 gBłonnik6 gBiałko6.7 gSól0.66 gWitaminy i składniki mineralnew 100  g% RWS w 100  gKwas foliowy155 µg78%Kwas pantotenowy5 mg83%Niacyna (B3)13 mg81%Ryboflawina (B2)1.1 mg79%Wapń750 mg94%Witamina B61 mg71%Witamina D2.8 µg56%Żelazo7.9 mg56%"}, {"header": "Przechowywanie i sposób przygotowania", "content": "Sposób podania:Jedna porcja 30 g to około 7 łyżek stołowych płatków. Dzieci 6-7 łyżek Dorośli 7-11 łyżek"}, {"header": "Pozostałe informacje", "content": "Producent:CEREAL PARTNERS POLAND TORUŃ-PACIFIC Sp. z o.o.\nul. Szosa Lubicka 38\\58,\n87-100 Toruń\nPolskaNazwa wymagana prawnie:Zbożowe płatki w kształcie ciasteczek o smaku czekoladowym, z witaminami i składnikami mineralnymi."}], "images": ["data/images/c69251b65dfeba6e7a6adaca6d63b962.jpg"], "absolute_path": "Artykuły spożywcze/Produkty sypkie/Płatki śniadaniowe/Produkt 21"}
{"name": "Produkt 3", "url": "https://zakupy.biedronka.pl/twoj-deser-twoj-deser-budyn-smak-czekoladowy-5-x-40-g-0000017493.html", "title": "Twój Deser Budyń smak czekoladowy 5 x 40 g", "brand": "Twój Deser", "price": "2.99 PLN", "packaging_details": "0.2kg- 14,95 zł / kg", "description_sections": [{"header": "Opis produktu", "content": "Twój Deser Budyń smak czekoladowy 40 g. Budyń o smaku czekoladowym w proszku."}, {"header": "Składniki i alergeny", "content": "Składniki:skrobia kukurydziana, skrobia ziemniaczana, kakao w proszku o obniżonej zawartości tłuszczu (20%), czekolada w proszku (0,2%); naturalny aromat. Może zawieraćmleko.Inne informacje o zawartości produktu:Zawiera surowce GMO:Nie, \n\nZawiera barwniki:Tak"}, {"header": "Wartość odżywcza", "content": "W 100 gWartość energetyczna kcal97 kcalZawartość tłuszczów (ogólnie)1.9 gKwasy tłuszczowe nasycone1.1 gZawartość węglowodanów16 gCukry11 gZawartość błonnika0.5 gZawartość białek3.3 gZawartość soli0.11 g"}, {"header": "Przechowywanie i sposób przygotowania", "content": "Sposób przygotowania:1. Z pół litra mleka o zawartości 2% tłuszczu odlać ćwierć szklanki, wsypać do niej zawartość torebki i dodać dwie łyżki cukru (40 g), dobrze wymieszać.2. Resztę mleka zagotować (można dodać łyżeczkę masła). Do gotującego się mleka wlać rozrobiony proszek. Gotować jeszcze przez chwilę, ciągle mieszając.3. Do wypłukanych zimną wodą salaterek wlać gotowy b udyń."}, {"header": "Pozostałe informacje", "content": "Kraj pochodzenia:PolskaKraj pochodzenia zależy od konkretnej partii produktu jaka znajduje się w sklepie. Informację o kraju pochodzenia znajdziesz na opakowaniu. Możesz również dodać komentarz z preferowanym typem produktu w koszyku lub wiadomości dla shoppera (np. “prosze o pomidory polskie”).Producent:Kruger Polska Sp z o.o.Dystrybutor:Kruger Polska Sp. z o.o.Podstoczysko 42 07-300 Ostrów Mazowieckamichal.dziura@kruger.plImporter:Kruger Polska Sp. z o.o.Podstoczysko 42 07-300 Ostrów Mazowiecka PLartur.jankowski@kruger.plNazwa wymagana prawnie:Budyń o smaku czekoladowym w proszku."}], "images": ["data/images/2dbd11cee2ce874596bcc961c2ec9d32.jpg", "data/images/0f1159b51306caeff4e6161c03ae6789.jpg"], "absolute_path": "Artykuły spożywcze/Produkty w proszku/Budyń/Produkt 3"}
{"name": "Produkt 1", "url": "https://zakupy.biedronka.pl/twoj-deser-twoj-deser-budyn-smak-waniliowy-5-x-40-g-0000017496.html", "title": "Twój Deser Budyń smak waniliowy 5 x 40 g", "brand": "Twój Deser", "price": "2.99 PLN", "packaging_details": "0.2kg- 14,95 zł / kg", "description_sections": [{"header": "Opis produktu", "content": "Twój Deser Budyń smak waniliowy 40 g. Budyń o smaku waniliowym w proszku."}, {"header": "Składniki i alergeny", "content": "Składniki:skrobia kukurydziana, skrobia ziemniaczana, aromat (zawieralaktozęzmleka), naturalny aromat waniliowy z innymi naturalnymi aromatami (zawieramleko), barwniki: karoteny i ryboflawiny.Alergeny:Mleko i produkty pochodne (łącznie z laktozą)Inne informacje o zawartości produktu:Zawiera surowce GMO:Nie, \n\nZawiera barwniki:Tak"}, {"header": "Wartość odżywcza", "content": "W 100 gWartość energetyczna kcal96 kcalZawartość tłuszczów (ogólnie)1.8 gKwasy tłuszczowe nasycone1 gZawartość węglowodanów17 gCukry11 gZawartość błonnika0.5 gZawartość białek3 gZawartość soli0.1 g"}, {"header": "Przechowywanie i sposób przygotowania", "content": "Sposób przygotowania:1. Z pół litra mleka o zawartości 2% tłuszczu odlać ćwierć szklanki, wsypać do niej zawartość torebki i dodać dwie łyżki cukru (40 g), dobrze wymieszać.2. Resztę mleka zagotować (można dodać łyżeczkę masła). Do gotującego się mleka wlać rozrobiony proszek. Gotować jeszcze przez chwilę, ciągle mieszając.3. Do wypłukanych zimną wodą salaterek wlać gotowy b udyń."}, {"header": "Pozostałe informacje", "content": "Kraj pochodzenia:PolskaKraj pochodzenia zależy od konkretnej partii produktu jaka znajduje się w sklepie. Informację o kraju pochodzenia znajdziesz na opakowaniu. Możesz również dodać komentarz z preferowanym typem produktu w koszyku lub wiadomości dla shoppera (np. “prosze o pomidory polskie”).Producent:Kruger Polska Sp z o.o.Dystrybutor:Kruger Polska Sp. z o.o.Podstoczysko 42 07-300 Ostrów Mazowieckamichal.dziura@kruger.plImporter:Kruger Polska Sp. z o.o.Podstoczysko 42 07-300 Ostrów Mazowiecka PLartur.jankowski@kruger.plNazwa wymagana prawnie:Budyń o smaku waniliowym w proszku."}], "images": ["data/images/e952260889f726830357cff9c2145769.jpg", "data/images/3aa151b701dac21a1b88e35889789103.jpg"], "absolute_path": "Artykuły spożywcze/Produkty w proszku/Budyń/Produkt 1"}
{"name": "Produkt 2", "url": "https://zakupy.biedronka.pl/twoj-deser-twoj-deser-budyn-smak-smietankowy-5-x-40-g-0000017495.html", "title": "Twój Deser Budyń smak śmietankowy 5 x 40 g", "brand": "Twój Deser", "price": "2.99 PLN", "packaging_details": "0.2kg- 14,95 zł / kg", "description_sections": [{"header": "Opis produktu", "content": "Twój Deser Budyń smak śmietankowy 40 g. Budyń o smaku śmietankowym w proszku."}, {"header": "Składniki i alergeny", "content": "Składniki:skrobia kukurydziana, skrobia ziemniaczana, aromat, śmietanka w proszku (0,1%) (zmleka), barwnik: ryboflawiny.Alergeny:Mleko i produkty pochodne (łącznie z laktozą)Inne informacje o zawartości produktu:Zawiera surowce GMO:Nie, \n\nZawiera barwniki:Tak, \n\nZawiera aromaty:Tak"}, {"header": "Wartość odżywcza", "content": "W 100 gWartość energetyczna kcal97 kcalZawartość tłuszczów (ogólnie)1.7 gKwasy tłuszczowe nasycone1 gZawartość węglowodanów17 gCukry11 gZawartość błonnika0.5 gZawartość białek3 gZawartość soli0.1 g"}, {"header": "Przechowywanie i sposób przygotowania", "content": "Sposób przygotowania:1. Z pół litra mleka o zawartości 2% tłuszczu odlać ćwierć szklanki, wsypać do niej zawartość torebki i dodać dwie łyżki cukru (40 g), dobrze wymieszać.2. Resztę mleka zagotować (można dodać łyżeczkę masła). Do gotującego się mleka wlać rozrobiony proszek. Gotować jeszcze przez chwilę, ciągle mieszając.3. Do wypłukanych zimną wodą salaterek wlać gotowy b udyń."}, {"header": "Pozostałe informacje", "content": "Kraj pochodzenia:PolskaKraj pochodzenia zależy od konkretnej partii produktu jaka znajduje się w sklepie. Informację o kraju pochodzenia znajdziesz na opakowaniu. Możesz również dodać komentarz z preferowanym typem produktu w koszyku lub wiadomości dla shoppera (np. “prosze o pomidory polskie”).Producent:Kruger Polska Sp z o.o.Dystrybutor:Kruger Polska Sp. z o.o.Podstoczysko 42 07-300 Ostrów Mazowieckamichal.dziura@kruger.plImporter:Kruger Polska Sp. z o.o.Podstoczysko 42 07-300 Ostrów Mazowiecka PLartur.jankowski@kruger.plNazwa wymagana prawnie:Budyń o smaku śmietankowym w proszku."}], "images": ["data/images/e1e13421aa5499ed59767a224b7216d1.jpg", "data/images/712c352bdac3b6179b5cb1a4ad7b00e6.jpg"], "absolute_path": "Artykuły spożywcze/Produkty w proszku/Budyń/Produkt 2"}
{"name": "Produkt 3", "url": "https://zakupy.biedronka.pl/bakello-bakello-kisiel-instant-truskawkowy-30-g-0000017508.html", "title": "Bakello Kisiel instant truskawkowy 30 g", "brand": "Bakello", "price": "1.04 PLN", "packaging_details": "0.03kg- 34,67 zł / kg", "description_sections": [{"header": "Opis produktu", "content": "Kisiel o smaku owoców leśnych z kawałkami owoców z dodatkiem witaminy C"}, {"header": "Składniki i alergeny", "content": "Składniki:Cukier, skrobia, truskawki liofilizowane (4,8%), regulator kwasowości: kwas cytrynowy, naturalny aromat, aromat, witamina C (kwas L-askorbionowy), barwniki: antocyjany i kurkumina.Inne informacje o zawartości produktu:Zawiera surowce GMO:Nie"}, {"header": "Wartość odżywcza", "content": "W 100 gWartość energetyczna kcal56 kcalZawartość tłuszczów (ogólnie)0 gKwasy tłuszczowe nasycone0 gZawartość węglowodanów14 gCukry9.4 gZawartość białek0 gZawartość soli0 gWitaminy i składniki mineralnew 100 g% RWS w 100 gWitamina C12 mg0%"}, {"header": "Przechowywanie i sposób przygotowania", "content": "Sposób przygotowania:Do kubka wlej 175 ml wrzącej wody (3/4 kubka). Wsypuj powoli zawartość torebki, cały czas mieszając. Energicznie mieszaj łyżeczką do uzyskania gładkiej konsystencji. Kisiel gotowy do spożycia."}, {"header": "Pozostałe informacje", "content": "Kraj pochodzenia:PolskaKraj pochodzenia zależy od konkretnej partii produktu jaka znajduje się w sklepie. Informację o kraju pochodzenia znajdziesz na opakowaniu. Możesz również dodać komentarz z preferowanym typem produktu w koszyku lub wiadomości dla shoppera (np. “prosze o pomidory polskie”).Dystrybutor:Jeronimo Martins Polska S.A.Żniwna 5 62-025 Kostrzyn PLImporter:Kruger Polska Sp. z o.o.Podstoczysko 42 07-300 Ostrów Mazowiecka PLartur.jankowski@kruger.plNazwa wymagana prawnie:Kisiel o smaku truskawkowym w proszku z kawałkami owoców z dodatkiem witaminy C"}], "images": ["data/images/cd3f38eb623b87d8b6fd2668c1ff734f.jpg"], "absolute_path": "Artykuły spożywcze/Produkty w proszku/Kisiel/Produkt 3"}
{"name": "Produkt 5", "url": "https://zakupy.biedronka.pl/bakello-bakello-kisiel-instant-owoce-lesne-30-g-0000017507.html", "title": "Bakello Kisiel instant owoce leśne 30 g", "brand": "Bakello", "price": "1.04 PLN", "packaging_details": "0.03kg- 34,67 zł / kg", "description_sections": [{"header": "Opis produktu", "content": "Kisiel o smaku owoców leśnych z kawałkami owoców z dodatkiem witaminy C"}, {"header": "Składniki i alergeny", "content": "Składniki:Cukier, skrobia, owoce liofilizowane 4,7% (malina, jagoda), owoce suszone w proszku 1,7% (jagoda, jeżyna, malina), regulator kwasowości: kwas cytrynowy, barwnik: antocyjany, aromaty, witamina C (kwas L-askorbionowy).Inne informacje o zawartości produktu:Zawiera surowce GMO:Nie"}, {"header": "Wartość odżywcza", "content": "W 100 gWartość energetyczna kcal57 kcalZawartość tłuszczów (ogólnie)0 gKwasy tłuszczowe nasycone0 gZawartość węglowodanów14 gCukry8.1 gZawartość białek0 gZawartość soli0 gWitaminy i składniki mineralnew 100 g% RWS w 100 gWitamina C12 mg0%"}, {"header": "Przechowywanie i sposób przygotowania", "content": "Sposób przygotowania:Do kubka wlej 175 ml wrzącej wody (3/4 kubka). Wsypuj powoli zawartość torebki, cały czas mieszając. Energicznie mieszaj łyżeczką do uzyskania gładkiej konsystencji. Kisiel gotowy do spożycia."}, {"header": "Pozostałe informacje", "content": "Kraj pochodzenia:PolskaKraj pochodzenia zależy od konkretnej partii produktu jaka znajduje się w sklepie. Informację o kraju pochodzenia znajdziesz na opakowaniu. Możesz również dodać komentarz z preferowanym typem produktu w koszyku lub wiadomości dla shoppera (np. “prosze o pomidory polskie”).Dystrybutor:Jeronimo Martins Polska S.A.Żniwna 5 62-025 Kostrzyn PLImporter:Kruger Polska Sp. z o.o.Podstoczysko 42 07-300 Ostrów Mazowiecka PLartur.jankowski@kruger.plNazwa wymagana prawnie:Kisiel o smaku owoców leśnych w proszku z kawałkami owoców z dodatkiem witaminy C"}], "images": ["data/images/9b0a35e7440ca8273525639607d4d7d2.jpg"], "absolute_path": "Artykuły spożywcze/Produkty w proszku/Kisiel/Produkt 5"}
{"name": "Produkt 4", "url": "https://zakupy.biedronka.pl/dr.-oetker-dr.-oetker-slodka-chwila-kisiel-truskawkowy-z-owocami-315-g-0000010440.html", "title": "Dr. Oetker Słodka Chwila Kisiel truskawkowy z owocami 31,5 g", "brand": "Dr. Oetker", "price": "1.85 PLN", "packaging_details": "31.5g- 0,06 zł / g", "description_sections": [{"header": "Opis produktu", "content": "Lubisz owoce, ich naturalny smak i słodycz? Zjadłabyś coś lekkiego, orzeźwiającego i po prostu pysznego? Spróbuj extra owocowych kisieli słodka chwila, specjalnie dla ciebie wzbogaconych o kawałki pysznych owoców. Mają jeszcze bardziej owocowy i naturalny smak, lekką i delikatną konsystencję. A  do tego możesz mieć je dosłownie w moment. Odpręż się i na moment zapomnij o rzeczywistości! Delektuj się kubkiem pełnym owocowego smaku."}, {"header": "Składniki i alergeny", "content": "Składniki:cukier, skrobia ziemniaczana, 4,7% truskawki suszone, regulator kwasowości (kwas cytrynowy), aromat, ekstrakt z czarnej marchwi i hibiskusa, sól, witamina C, barwnik (karoteny)Inne informacje o zawartości produktu:Zawiera surowce GMO:Nie, \n\nZawiera substancje konserwujące:Nie"}, {"header": "Wartość odżywcza", "content": "W 100 gWartość energetyczna kcal59 kcalZawartość tłuszczów (ogólnie)0 gKwasy tłuszczowe nasycone0 gZawartość węglowodanów14 gCukry9 gZawartość białek0.1 gZawartość soli0.03 gWitaminy i składniki mineralnew 100 g% RWS w 100 gWitamina C14 mg0%Witamina C (%RWS)18 %RWS0%"}, {"header": "Pozostałe informacje", "content": "Kraj pochodzenia:PolskaKraj pochodzenia zależy od konkretnej partii produktu jaka znajduje się w sklepie. Informację o kraju pochodzenia znajdziesz na opakowaniu. Możesz również dodać komentarz z preferowanym typem produktu w koszyku lub wiadomości dla shoppera (np. “prosze o pomidory polskie”).Producent:Dr. Oetker Polska Sp. z o.o.\nul. Adm. Dickmana 14\\15,\n80-339 GdańskDystrybutor:Dr.Oetker Polska Sp. z o.o.Dickmana 14/15 80-339 Gdańskoetker@oetker.plImporter:Dr.Oetker Polska Sp. z o.o.Dickmana 14/15 80-339 Gdańsk PLoetker@oetker.plNazwa wymagana prawnie:Kisiel w proszku z dodatkiem witaminy C"}], "images": ["data/images/8905b2b85c122a66a36c24f6f71d1780.jpg", "data/images/6e57e7a51f11bc20a5d77f787a567e44.jpg"], "absolute_path": "Artykuły spożywcze/Produkty w proszku/Kisiel/Produkt 4"}
{"name": "Produkt 1", "url": "https://zakupy.biedronka.pl/vifon-vifon-premium-pho-zupa-wietnamska-z-makaronem-ryzowym-60-g-0000001383.html", "title": "Vifon Premium Pho Zupa wietnamska z makaronem ryżowym 60 g", "brand": "Vifon", "price": "2.99 PLN", "packaging_details": "0.06kg- 49,83 zł / kg", "description_sections": [{"header": "Opis produktu", "content": "PHOZupa błyskawiczna z kluskami ryżowymi (łagodna)Inspiracja kuchnią wietnamską"}, {"header": "Składniki i alergeny", "content": "Składniki:Składniki: kluski ryżowe (85%): ryż (90%), tapioka, cukier, sól, wzmacniacz smaku: glutaminian monosodowy, stabilizator: guma guar; dodatki smakowe (15%): sól, olej palmowy, cukier, wzmacniacze smaku: glutaminian monosodowy, guanylan disodowy, inozynian disodowy; teksturowany glutenpszenny(5%), czerwona szalotka (3%), suszony por (3%), aromat, przyprawa PHO w zmiennych proporcjach (1%): cynamon, goździki, anyż; imbir (1%), suszona kolendra (1%), chili, barwniki: karmel, karoteny; przeciwutleniacz: E 306."}, {"header": "Pozostałe informacje", "content": "Kraj pochodzenia:WietnamKraj pochodzenia zależy od konkretnej partii produktu jaka znajduje się w sklepie. Informację o kraju pochodzenia znajdziesz na opakowaniu. Możesz również dodać komentarz z preferowanym typem produktu w koszyku lub wiadomości dla shoppera (np. “prosze o pomidory polskie”).Dystrybutor:Jeronimo Martins Polska S.A.Żniwna 5 62-025 Kostrzyn PLImporter:Jeronimo Martins Polska S.A.Żniwna 5 62-025 Kostrzyn PLNazwa wymagana prawnie:PHO - Zupa błyskawiczna z kluskami ryżowymi (łagodna)"}], "images": ["data/images/a313c92e02c0cd1227108f01e51accf6.jpg"], "absolute_path": "Artykuły spożywcze/Produkty w proszku/Dania w proszku/Produkt 1"}
{"name": "Produkt 2", "url": "https://zakupy.biedronka.pl/dr.-oetker-dr.-oetker-slodka-chwila-kisiel-malinowy-30-g-0000010443.html", "title": "Dr. Oetker Słodka Chwila Kisiel malinowy 30 g", "brand": "Dr. Oetker", "price": "1.85 PLN", "packaging_details": "0.03kg- 61,67 zł / kg", "description_sections": [{"header": "Opis produktu", "content": "Masz ochotę na coś miłego, słodkiego? Uwielbiasz lekkie, słodkie i owocowe przekąski? Słodka Chwila ma dla Ciebie pysznie owocowy kisiel malinowy o delikatnej konsystencji. Możesz łatwo i szybko umilić sobie codzienne chwile i to każdego dnia inaczej! Pozwól sobie na odrobinę szaleństwa, na taki miły akcent w ciągu dnia."}, {"header": "Składniki i alergeny", "content": "Składniki:cukier, skrobia ziemniaczana, regulator kwasowości (kwas cytrynowy), barwnik (betanina), aromat, ekstrakt z czarnej marchwi i hibiskusa, sól, witamina C, koncentrat soku malinowegoInne informacje o zawartości produktu:Zawiera surowce GMO:Tak"}, {"header": "Wartość odżywcza", "content": "W 100 gWartość energetyczna kcal57 kcalZawartość tłuszczów (ogólnie)0 gKwasy tłuszczowe nasycone0 gZawartość węglowodanów14.1 gCukry8.7 gZawartość białek0 gZawartość soli0.03 gWitaminy i składniki mineralnew 100 g% RWS w 100 gWitamina C13 mg0%Witamina C (%RWS)16 %RWS0%"}, {"header": "Pozostałe informacje", "content": "Kraj pochodzenia:PolskaKraj pochodzenia zależy od konkretnej partii produktu jaka znajduje się w sklepie. Informację o kraju pochodzenia znajdziesz na opakowaniu. Możesz również dodać komentarz z preferowanym typem produktu w koszyku lub wiadomości dla shoppera (np. “prosze o pomidory polskie”).Producent:Dr. Oetker Polska Sp. z o.o.\nul. Adm. Dickmana 14\\15,\n80-339 GdańskDystrybutor:Dr.Oetker Polska Sp. z o.o.Dickmana 14/15 80-339 Gdańskoetker@oetker.plImporter:Dr.Oetker Polska Sp. z o.o.Dickmana 14/15 80-339 Gdańsk PLoetker@oetker.plNazwa wymagana prawnie:Kisiel w proszku z dodatkiem witaminy C"}], "images": ["data/images/9cae72c7767aa5c92e26f7c56eca3b15.jpg", "data/images/9ecef885b0310a3fe0072fe5e18d8ea9.jpg"], "absolute_path": "Artykuły spożywcze/Produkty w proszku/Kisiel/Produkt 2"}
{"name": "Produkt 4", "url": "https://zakupy.biedronka.pl/knorr-knorr-goracy-kubek-pomidorowa-z-makaronem-19-g-0000017510.html", "title": "Knorr Gorący Kubek Pomidorowa z makaronem 19 g", "brand": "Knorr", "price": "1.99 PLN", "packaging_details": "0.019kg- 132,67 zł / kg", "description_sections": [{"header": "Opis produktu", "content": "Knorr Gorący Kubek zupa pomidorowa z makaronem to smaczna, sycąca i niewymagająca więcej niż 2 minut przygotowania przekąska bez konserwantów skomponowana ze starannie dobranych składników wysokiej jakości. Ta pyszna zupa błyskawiczna została przygotowana na bazie soczystych pomidorów i z dodatkiem uwielbianych przypraw, takich jak natka pietruszki, oregano i bazylia. Dodatkowo, wrażenia kulinarne potęgują uprawiane w zrównoważony sposób warzywa – cebula i pomidory. W składzie nie znajdziesz za to konserwantów. Ta idealna na szybką przekąskę zupa z makaronem jest nie tylko smaczna, ale i szybka oraz prosta w przygotowaniu. Świetnie sprawdzi się w podróży, w pracy, na uczelni czy podczas zabieganego dnia w domu. Krótko mówiąc: na jej bogaty smak możesz liczyć zawsze wtedy, gdy się spieszysz i doskwiera Ci głód, niezależnie od tego, gdzie jesteś. Jej przygotowanie zajmuje jedynie 2 minuty. Wystarczy wsypać zawartość torebki do kubka, zalać ją wrzątkiem, wymieszać i odczekać. W taki sposób w mgnieniu oka możesz cieszyć się smakiem bogato przyprawionej, soczyście czerwonej zupy pomidorowej, która zaspokoi pierwszy głód i odpowiednio Cię rozgrzeje. Jeśli zupa pomidorowa zadowoliła Twoje kubki (nie tylko smakowe), koniecznie skosztuj także innych zup Knorr Gorący Kubek. Może do gustu przypadnie Ci zupa serowa z grzankami, barszcz czerwony albo zupa kurkowa z makaronem? Smacznego!Subrand:Gorący Kubek"}, {"header": "Składniki i alergeny", "content": "Składniki:koncentrat pomidorowy* (26 %),makaron (24 %) (mąkapszennasemolina, sól),skrobia,sól jodowana,cukier,ekstrakt drożdżowy,białko serwatkowe (zmleka),maltodekstryna,tłuszcz palmowy,laktoza,mąkapszenna,sól,cebula¹,oregano¹,natka pietruszki¹,bazylia,burak czerwony¹,aromat,¹Uprawiane w sposób zrównoważonyAlergeny:Może zawierać Seler, \n\nMoże zawierać Zboża zawierające gluten, \n\nMoże zawierać Jaja, \n\nZawiera Mleko, \n\nMoże zawierać Gorczyca, \n\nMoże zawierać Soja, \n\nZawiera PszenicaInne informacje o zawartości produktu:Smaki / Aromaty:Zawiera, \n\nkonserwanty:Nie zawiera"}, {"header": "Przechowywanie i sposób przygotowania", "content": "Sposób podania:1) Zawartość torebki wsyp do kubka2) Zalej 200 ml wrzącej wody i wymieszaj"}, {"header": "Pozostałe informacje", "content": "Nazwa wymagana prawnie:Pomidorowa z makaronem."}], "images": ["data/images/4023826edc1ecd12536b4b68bce893e8.jpg"], "absolute_path": "Artykuły spożywcze/Produkty w proszku/Dania w proszku/Produkt 4"}
{"name": "Produkt 3", "url": "https://zakupy.biedronka.pl/vifon-vifon-premium-lau-thai-zupa-tajska-80-g-0000001384.html", "title": "Vifon Premium Lau Thai Zupa tajska 80 g", "brand": "Vifon", "price": "2.99 PLN", "packaging_details": "0.08kg- 49,83 zł / kg", "description_sections": [{"header": "Opis produktu", "content": "LAU THAIZupa błyskawiczna z kluskami (pikantna)Inspiracja kuchnią tajską"}, {"header": "Składniki i alergeny", "content": "Składniki:Składniki: kluski (82,5%): mąkapszenna, tłuszcz palmowy, tapioka, skrobia, sól, cukier, stabilizatory: trifosforany, guma guar; substancje spulchniające: węglany potasu, węglany sodu; kurkuma; dodatki smakowe (17,5%): olej palmowy, sól, cukier, wzmacniacze smaku: glutaminian monosodowy, guanylan disodowy, inozynian disodowy; czerwona szalotka (4,9%), suszone warzywa w zmiennych proporcjach (4%): szczypior, papryka chili;mlekopełne w proszku, chili (2%), regulator kwasowości: kwas cytrynowy, aromat (skorupiaki), maltodekstryna, trawa cytrynowa, galanga, pieprz, barwniki: karoteny, karmel, ekstrakt z papryki; przeciwutleniacz: E 306"}, {"header": "Pozostałe informacje", "content": "Kraj pochodzenia:WietnamKraj pochodzenia zależy od konkretnej partii produktu jaka znajduje się w sklepie. Informację o kraju pochodzenia znajdziesz na opakowaniu. Możesz również dodać komentarz z preferowanym typem produktu w koszyku lub wiadomości dla shoppera (np. “prosze o pomidory polskie”).Dystrybutor:Jeronimo Martins Polska S.A.Żniwna 5 62-025 Kostrzyn PLImporter:Jeronimo Martins Polska S.A.Żniwna 5 62-025 Kostrzyn PLNazwa wymagana prawnie:LAU THAI - Zupa błyskawiczna z kluskami (pikantna)"}], "images": ["data/images/8d9f1f520acce7a59c6ba70c5286b6aa.jpg"], "absolute_path": "Artykuły spożywcze/Produkty w proszku/Dania w proszku/Produkt 3"}
{"name": "Produkt 2", "url": "https://zakupy.biedronka.pl/vifon-vifon-premium-kim-chi-zupa-koreanska-80-g-0000001385.html", "title": "Vifon Premium Kim Chi Zupa koreańska 80 g", "brand": "Vifon", "price": "2.99 PLN", "packaging_details": "0.08kg- 49,83 zł / kg", "description_sections": [{"header": "Opis produktu", "content": "KIM CHIZupa błyskawiczna z kluskami (pikantna)Inspiracja kuchnią koreańską"}, {"header": "Składniki i alergeny", "content": "Składniki:kluski (83%): mąkapszenna, tłuszcz palmowy, tapioka, skrobia, sól, cukier, stabilizatory: trifosforany, guma guar; substancje spulchniające: węglany potasu, węglany sodu; kurkuma; dodatki smakowe (17%): olej palmowy, cukier, sól, wzmacniacze smaku: glutaminian monosodowy, guanylan disodowy, inozynian disodowy; suszone warzywa w zmiennych proporcjach (6%): kapusta, marchew, por; maltodekstryna, aromat (jaja,ryby, nasionasoi), czerwona papryka chili (3%), czosnek, imbir, chili (1%), substancja zagęszczająca: guma guar; regulator kwasowości: kwas cytrynowy, barwnik: karoteny; przeciwutleniacz: E 306"}, {"header": "Pozostałe informacje", "content": "Kraj pochodzenia:WietnamKraj pochodzenia zależy od konkretnej partii produktu jaka znajduje się w sklepie. Informację o kraju pochodzenia znajdziesz na opakowaniu. Możesz również dodać komentarz z preferowanym typem produktu w koszyku lub wiadomości dla shoppera (np. “prosze o pomidory polskie”).Dystrybutor:Jeronimo Martins Polska S.A.Żniwna 5 62-025 Kostrzyn PLImporter:Jeronimo Martins Polska S.A.Żniwna 5 62-025 Kostrzyn PLNazwa wymagana prawnie:KIM CHI - Zupa błyskawiczna z kluskami (pikantna)"}], "images": ["data/images/1ff1672d985614947a591b215d6be81e.jpg"], "absolute_path": "Artykuły spożywcze/Produkty w proszku/Dania w proszku/Produkt 2"}
{"name": "Produkt 6", "url": "https://zakupy.biedronka.pl/knorr-knorr-nudle-pomidorowe-pikantne-63-g-0000002467.html", "title": "Knorr Nudle pomidorowe pikantne 63 g", "brand": "Knorr", "price": "2.89 PLN", "packaging_details": "0.063kg- 47,38 zł / kg", "description_sections": [{"header": "Opis produktu", "content": "Te nudle mają moc! Ostra papryka, czosnek, pieprz czarny i pieprz cayenne - to one nadają temu daniu pikanterii. Idealne dla wielbicieli pikantnego smaku. Zalej, zamieszaj, odczekaj 5 minut i bądź pewien, że będzie gorąco!"}, {"header": "Składniki i alergeny", "content": "Składniki:kluski (82,6%): mąkapszenna, tłuszcz palmowy, sól, skrobia modyfikowana, cukier, olej rzepakowy, ekstrakt z kurkumy,mix przyprawowy (17,4%): koncentrat pomidorowy (32%), cukier, sól, skrobia, papryka (6,6%), wzmacniacze smaku: glutaminian monosodowy, inozynian disodowy i guanylan disodowy; mineralna sól potasowa, aromaty (w tymjaja),czosnek, tłuszcz kurzy (1,6%), kurkuma, pieprz cayenne (chili), natka pietruszki, kmin rzymski, przeciwutleniacz: ekstrakty z rozmarynuAlergeny:Jaja i produkty pochodne, \n\nZboża zawierajace gluten, \n\nPszenica i produkty z pszenicyInne informacje o zawartości produktu:Zawiera surowce GMO:Nie, \n\nZawiera przeciwutleniacze:Tak, \n\nZawiera wzmacniacze smaku:Tak"}, {"header": "Wartość odżywcza", "content": "W 100 mlWartość energetyczna kcal90 kcalZawartość tłuszczów (ogólnie)3.9 gKwasy tłuszczowe nasycone1.9 gZawartość węglowodanów12 gCukry1.3 gZawartość błonnika0.6 gZawartość białek1.7 gZawartość soli1 g"}, {"header": "Przechowywanie i sposób przygotowania", "content": "Sposób przygotowania:Do gotowania"}, {"header": "Pozostałe informacje", "content": "Kraj pochodzenia:PolskaKraj pochodzenia zależy od konkretnej partii produktu jaka znajduje się w sklepie. Informację o kraju pochodzenia znajdziesz na opakowaniu. Możesz również dodać komentarz z preferowanym typem produktu w koszyku lub wiadomości dla shoppera (np. “prosze o pomidory polskie”).Producent:Unilever Polska Sp. z o.o.\nAl. Jerozolimskie 134\n02-305 Warszawa\nInfolinia: 801 109 387Importer:Unilever Polska Sp. z o.o.Al. Jerozolimskie 134 02-305 Warszawa PLinfolinia.pl@unilever.comNazwa wymagana prawnie:Zupa - danie o smaku ostrego pomidora"}], "images": ["data/images/0a799ad2d9d9bd9e60681c0e93bad34a.jpg"], "absolute_path": "Artykuły spożywcze/Produkty w proszku/Dania w proszku/Produkt 6"}
{"name": "Produkt 5", "url": "https://zakupy.biedronka.pl/knorr-knorr-fix-panierka-chrupiacy-kurczak-z-czosnkiem-70-g-0000016084.html", "title": "Knorr Fix panierka Chrupiący kurczak z czosnkiem 70 g", "brand": "Knorr", "price": "4.79 PLN", "packaging_details": "0.07kg- 68,43 zł / kg", "description_sections": [{"header": "Składniki i alergeny", "content": "Składniki:bułka tarta (46,6 %) (mąkapszenna, drożdże, sól),mąkapszenna,skrobia,czosnek (5,3 %),papryka (2,6 %),ekstrakt drożdżowy,cebula (2 %),sól jodowana,kolendra,majeranek (1,3 %),sól,pieprz cayenne,aromat,cukier,sok z cytryny,pieprzAlergeny:Może zawierać Seler, \n\nMoże zawierać Zboża zawierające gluten, \n\nMoże zawierać Jaja, \n\nMoże zawierać Mleko, \n\nMoże zawierać Gorczyca, \n\nMoże zawierać Soja, \n\nZawiera PszenicaInne informacje o zawartości produktu:Barwniki:Nie zawiera, \n\nkonserwanty:Nie zawiera"}, {"header": "Wartość odżywcza", "content": "W 100 gWartość energetyczna352 kcalTłuszcz1.6 gw tym kwasy tłuszczowe nasycone0.2 gWęglowodany70 gw tym cukry3.8 gBłonnik5.6 gBiałko11 gSól3 g"}, {"header": "Pozostałe informacje", "content": "Producent:Unilever Polska Sp. z o.o.\nAl. Jerozolimskie 134,\n02-305 Warszawa\nInfolinia: 801 109 387 całkowity koszt połączenia: 1 impuls wg taryfy operatora\nOdwiedź: www.przepisy.plDystrybutor:Unilever Polska Sp. z o.o.Al. Jerozolimskie 134 02-305 Warszawa801 109 387Nazwa wymagana prawnie:Kompozycja bułki tartej, czosnku i przypraw do przygotowania chrupiącego kurczaka z czosnkiem."}], "images": ["data/images/1b10eb00405e03f232ea7ad11d850505.jpg"], "absolute_path": "Artykuły spożywcze/Produkty w proszku/Dania w proszku/Produkt 5"}
{"name": "Produkt 10", "url": "https://zakupy.biedronka.pl/vifon-vifon-zupa-blyskawiczna-ostro-kwasna-70-g-0000002095.html", "title": "Vifon Zupa błyskawiczna ostro-kwaśna 70 g", "brand": "Vifon", "price": "1.99 PLN", "packaging_details": "0.07kg- 28,43 zł / kg", "description_sections": [{"header": "Składniki i alergeny", "content": "Składniki:kluski (86%): mąkapszenna, tłuszcz palmowy, tapioka, sól, skrobia modyfikowana, cukier, stabilizatory: trifosforany, guma guar; ssubstancje spulchniające: węglany potasu, węglany sodu; kurkuma,dodatki smakowe (14%): rafinowany olej palmowy, sól, cukier, wzmacniacze smaku: glutaminian monosodowy, guanylan disodowy, inozynian disodowy; maltodekstryna, regulator kwasowości: kwas cytrynowy; aromaty (ryby,skorupiaki), chili (2,5%), czosnek (2,5%), kolendra (1,5%), suszony szczypior, barwniki: karoteny, ekstrakt z papryki; substancja przeciwzbrylająca: E 551; przeciwutleniacz: E 306"}, {"header": "Przechowywanie i sposób przygotowania", "content": "Sposób podania:Sposób przyrządzania:1. Kluski pokruszyć i wrzucić do głębokiej miski. Przyprawy z torebek dodać do smaku. Zalać 0,4 litra wrzącej wody.2. Przykryć na 3 minuty.3. Po wymieszaniu zupa jest gotowa do spożycia."}, {"header": "Pozostałe informacje", "content": "Kraj pochodzenia:WietnamKraj pochodzenia zależy od konkretnej partii produktu jaka znajduje się w sklepie. Informację o kraju pochodzenia znajdziesz na opakowaniu. Możesz również dodać komentarz z preferowanym typem produktu w koszyku lub wiadomości dla shoppera (np. “prosze o pomidory polskie”).Nazwa wymagana prawnie:Zupa błyskawiczna z kluskami (ostra)."}], "images": ["data/images/8a9d466d6661f4e7b05f8c24e98d7fe6.jpg"], "absolute_path": "Artykuły spożywcze/Produkty w proszku/Dania w proszku/Produkt 10"}
{"name": "Produkt 11", "url": "https://zakupy.biedronka.pl/knorr-knorr-fix-do-potraw-chinskich-37-g-0000016088.html", "title": "Knorr Fix Do potraw chińskich 37 g", "brand": "Knorr", "price": "4.79 PLN", "packaging_details": "0.037kg- 129,46 zł / kg", "description_sections": [{"header": "Opis produktu", "content": "Oryginalny chiński smak uzyskasz dzięki Fix Do potraw Chińskich - kompozycji orientalnych przypraw, grzybów mun i pędów bambusa. Wypełnij kuchnię intensywnym aromatem, który sam przyciągnie domowników do stołu. Fix to prosty i szybki sposób na danie zachwycające wyjątkowym, wyrazistym smakiem. Pysznie i orientalnie? Nic prostszego!"}, {"header": "Składniki i alergeny", "content": "Składniki:skrobia, sos SOJOWY w proszku (SOJA, PSZENICA, sól, maltodekstryna), marchew1 (14,8 %), aromaty, sól jodowana, SELER1(4,5 %), papryka zielona (3 %), grzyby chińskie1 (2,7 %), czerwona papryka 1 (2,7 %), ekstrakt drożdżowy, curry (1,6 %) (kurkuma, pieprz cayenne, imbir, kmin, czarny pieprz, kolendra, liść laurowe, lubczyk), imbir (1,6 %), mielona papryka1, olej kukurydziany, pędy bambusa (1,1 %), por1, maltodeksytryna, sok z cytryny, sól, kminek, pieprz cayenne (chili).Może zawierać inne zboża zawierające gluten,jaja,mlekoigorczycę.1Uprawiane w sposób zrównoważony.Alergeny:Seler i produkty pochodne, \n\nSoja i produkty pochodne, \n\nZboża zawierajace gluten, \n\nPszenica i produkty z pszenicyInne informacje o zawartości produktu:Zawiera surowce GMO:Nie"}, {"header": "Wartość odżywcza", "content": "W 100 gWartość energetyczna kcal124 kcalZawartość tłuszczów (ogólnie)3.7 gKwasy tłuszczowe nasycone0.6 gZawartość węglowodanów14 gCukry1.6 gZawartość błonnika1.1 gZawartość białek8.3 gZawartość soli0.42 g"}, {"header": "Pozostałe informacje", "content": "Kraj pochodzenia:RumuniaKraj pochodzenia zależy od konkretnej partii produktu jaka znajduje się w sklepie. Informację o kraju pochodzenia znajdziesz na opakowaniu. Możesz również dodać komentarz z preferowanym typem produktu w koszyku lub wiadomości dla shoppera (np. “prosze o pomidory polskie”).Producent:Unilever Polska Sp. z o.o.\nAl. Jerozolimskie 134,\n02-305 Warszawa\nInfolinia: 801 109 387\ncałkowity koszt połączenia:\n1 impuls wg taryfy operatora\nOdwiedź: www.przepisy.plImporter:Unilever Polska Sp. z o.o.Al. Jerozolimskie 134 02-305 Warszawa PLinfolinia.pl@unilever.comNazwa wymagana prawnie:Fix do potraw chińskich"}], "images": ["data/images/ebf21ba18b92d0324b10ff42a6f7b7c6.jpg"], "absolute_path": "Artykuły spożywcze/Produkty w proszku/Dania w proszku/Produkt 11"}
{"name": "Produkt 9", "url": "https://zakupy.biedronka.pl/oyakata-oyakata-zupa-instant-soy-sauce-ramen-83-g-0000008854.html", "title": "Oyakata Zupa instant Soy Sauce Ramen 83 g", "brand": "Oyakata", "price": "3.99 PLN", "packaging_details": "0.083kg- 48,07 zł / kg", "description_sections": [{"header": "Składniki i alergeny", "content": "Składniki:makaron instant typu noodle (88%): mąkapszenna, olej palmowy, skrobia modyfikowana, sól, substancje spulchniające (węglany sodu, węglany potasu),mieszanka smakowa (12%): sossojowyw proszku (24%) (soja,pszenica, maltodekstryna, sól), sól, wzmacniacze smaku: E621, E635; cukier, ekstrakt z kurczaka w proszku (ekstrakt z kurczaka, maltodekstryna, sól), cukier karmelizowany, aromaty (zawierająpszenicę), czosnek mielony, cebula mielona, tłuszcz kurzy, maltodekstryna, szczypior suszony, czarny pieprz, hydrolizowane białko kukurydziane (hydrolizowane białko kukurydziane, sól), regulator kwasowości: kwas mlekowyAlergeny:Może zawierać Seler, \n\nMoże zawierać Skorupiaki, \n\nMoże zawierać Jaja, \n\nMoże zawierać Ryba, \n\nMoże zawierać Mleko, \n\nMoże zawierać Mięczaki, \n\nMoże zawierać Gorczyca, \n\nMoże zawierać Sezam, \n\nZawiera Soja, \n\nMoże zawierać Dwutlenek siarki / siarczyny, \n\nZawiera Pszenica"}, {"header": "Wartość odżywcza", "content": "Wartość energetyczna0 kcalTłuszcz0 gw tym kwasy tłuszczowe nasycone0 gWęglowodany0 gw tym cukry0 gBiałko0 gSól0 g"}, {"header": "Przechowywanie i sposób przygotowania", "content": "Sposób podania:Sposób przygotowania:Pokrusz makaron, wsyp do miski i dodaj przyprawy z saszetki. Zalej 450 ml wrzącej wody. Przykryj i pozostaw na 3 minuty. Wymieszaj i gotowe!"}, {"header": "Pozostałe informacje", "content": "Kraj pochodzenia:Produkt UEKraj pochodzenia zależy od konkretnej partii produktu jaka znajduje się w sklepie. Informację o kraju pochodzenia znajdziesz na opakowaniu. Możesz również dodać komentarz z preferowanym typem produktu w koszyku lub wiadomości dla shoppera (np. “prosze o pomidory polskie”).Producent:Ajinomoto Poland Sp. z o.o.,\nul. Klimczaka 1\n02-797 Warszawa\nwww.ajinomoto.com.pl\nwww.oyakata.com.plDystrybutor:Ajinomoto Poland Sp. z o.o.ul. Klimczaka 1 02-797  WarszawaNazwa wymagana prawnie:Zupa instant o smaku sosu sojowego z makaronem typu noodle."}], "images": ["data/images/bd183d3b776bed2344584260201322f2.jpg"], "absolute_path": "Artykuły spożywcze/Produkty w proszku/Dania w proszku/Produkt 9"}
{"name": "Produkt 8", "url": "https://zakupy.biedronka.pl/knorr-knorr-goracy-kubek-borowikowa-z-grzankami-15-g-0000017511.html", "title": "Knorr Gorący Kubek Borowikowa z grzankami 15 g", "brand": "Knorr", "price": "1.99 PLN", "packaging_details": "0.015kg- 132,67 zł / kg", "description_sections": [{"header": "Opis produktu", "content": "Knorr Gorący Kubek Borowikowa z grzankami"}, {"header": "Składniki i alergeny", "content": "Składniki:skrobia, grzanki (18%) [pieczywo (mąkapszenna, sól, drożdże, olej rzepakowy), olej palmowy, przeciwutleniacz: wyciągi z rozmarynu], syrop glukozowy, tłuszcz palmowy, sól jodowana, borowiki (4%), cebula (3,5%), cukier, ekstrakt drożdżowy, sól, aromaty, białkamleka, zagęszczony sok z pieczarek (0,5%), natka pietruszki (0,3%), pieprz. Może zawierać inne zboża zawierające gluten,seler,jaja,gorczycęisoję.Alergeny:Mleko i produkty pochodne (łącznie z laktozą), \n\nZboża zawierajace gluten, \n\nPszenica i produkty z pszenicyInne informacje o zawartości produktu:Zawiera surowce GMO:Nie, \n\nZawiera substancje konserwujące:Nie"}, {"header": "Wartość odżywcza", "content": "W 100 mlWartość energetyczna kcal30 kcalZawartość tłuszczów (ogólnie)1.3 gKwasy tłuszczowe nasycone0.7 gZawartość węglowodanów3.9 gCukry0.5 gZawartość błonnika0.5 gZawartość białek0.5 gZawartość soli1 g"}, {"header": "Pozostałe informacje", "content": "Kraj pochodzenia:RumuniaKraj pochodzenia zależy od konkretnej partii produktu jaka znajduje się w sklepie. Informację o kraju pochodzenia znajdziesz na opakowaniu. Możesz również dodać komentarz z preferowanym typem produktu w koszyku lub wiadomości dla shoppera (np. “prosze o pomidory polskie”).Nazwa wymagana prawnie:Borowikowa z grzankami."}], "images": ["data/images/4795772f787617869f3d1416c60ac0e5.jpg"], "absolute_path": "Artykuły spożywcze/Produkty w proszku/Dania w proszku/Produkt 8"}
{"name": "Produkt 7", "url": "https://zakupy.biedronka.pl/winiary-winiary-szlachetne-smaki-zupa-pieczarkowa-44-g-0000017487.html", "title": "Winiary Szlachetne Smaki Zupa pieczarkowa 44 g", "brand": "Winiary", "price": "3.79 PLN", "packaging_details": "0.044kg- 86,14 zł / kg", "description_sections": [{"header": "Opis produktu", "content": "Ten produkt powstał z suszonych składników. Suszenie pozwala w naturalny sposób zachować na dłużej smak i aromat warzyw, grzybów oraz ziół zebranych w szczycie sezonu.Subrand:Szlachetne Smaki"}, {"header": "Składniki i alergeny", "content": "Składniki:skrobia kukurydziana*,mąkapszenna* 19,3 %,odtłuszczonemlekow proszku* 16,1 %,śmietanka w proszku* (zmleka) 8,5 %,suszona pieczarka* 8,4 %,zagęszczony sok z pieczarki* 7,1 %,sól,aromaty (z pszenicą),suszona cebula*,tłuszcz drobiowy*,liść pietruszki*,pieprz czarny*,kwas (kwas cytrynowy),*naturalne składnikiAlergeny:Może zawierać Seler, \n\nMoże zawierać Jaja, \n\nZawiera Mleko, \n\nMoże zawierać Gorczyca, \n\nMoże zawierać Soja, \n\nZawiera Pszenica"}, {"header": "Przechowywanie i sposób przygotowania", "content": "Sposób podania:Sposób przyrządzenia:8 min., 2 Porcje1. Zawartość opakowania dokładnie rozprowadź w 500 ml zimnej wody.2. Postaw na ogniu i mieszaj do chwili zagotowania. Gotuj na małym ogniu przez 8 minut, często mieszając.Gotową zupę możesz udekorować podsmażonymi plasterkami pieczarek.Dostosuj wielkość porcjiDzieci 2/3 Twojej porcji"}, {"header": "Pozostałe informacje", "content": "Nazwa wymagana prawnie:Zupa pieczarkowa."}], "images": ["data/images/27756e80d969983ca153884141b405b0.jpg"], "absolute_path": "Artykuły spożywcze/Produkty w proszku/Dania w proszku/Produkt 7"}
{"name": "Produkt 16", "url": "https://zakupy.biedronka.pl/knorr-knorr-fix-4-sery-z-brokulami-39-g-0000016092.html", "title": "Knorr Fix 4 sery z brokułami 39 g", "brand": "Knorr", "price": "4.79 PLN", "packaging_details": "0.039kg- 122,82 zł / kg", "description_sections": [{"header": "Opis produktu", "content": "Odkryj idealnie doprawioną wersję znanego Ci dania, skomponowaną przez mistrza kuchni Knorr. Wypełnij kuchnię intensywnym aromatem, który sam przyciągnie domowników do stołu. Fix to prosty i szybki sposób na danie zachwycające wyjątkowym, wyrazistym smakiem. Idealnie kremowy sos uzyskasz dzięki Fix Spaghetti 4 sery z brokułami, który stworzyłem, łącząc 4 wyjątkowe gatunki sera: ser pleśniowy typu bluecheese, ser dojrzewający, ser mozzarella oraz ser crescenza - Piotr Murawski, szef kuchni Knorr."}, {"header": "Składniki i alergeny", "content": "Składniki:SER topiony (26,1 %) [w tym SERY: pleśniowy typu blue cheese, mozzarella,serdojrzewający, crescenza; preparat serwatkowy (z MLEKA)], olej słonecznikowy, ekstrakt drożdżowy, sól jodowana, brokuły1 (2,4 %), LAKTOZA, ŚMIETANA(2 %), czosnek1, pieprz, gałka muszkatołowa, kurkuma, cebula, sól, aromaty (w tym MLEKO), białka MLEKA, tymianek1, maltodekstryna. Może zawieraćseler, gluten (zboża),jaja,gorczycęisoję. 1Uprawiane w sposób zrównoważony.Alergeny:Mleko i produkty pochodne (łącznie z laktozą)Inne informacje o zawartości produktu:Zawiera surowce GMO:Nie"}, {"header": "Wartość odżywcza", "content": "W 100 gWartość energetyczna kcal130 kcalZawartość tłuszczów (ogólnie)2 gKwasy tłuszczowe nasycone0.6 gZawartość węglowodanów23 gCukry0.5 gZawartość błonnika1.6 gZawartość białek4.4 gZawartość soli0.34 g"}, {"header": "Pozostałe informacje", "content": "Kraj pochodzenia:RumuniaKraj pochodzenia zależy od konkretnej partii produktu jaka znajduje się w sklepie. Informację o kraju pochodzenia znajdziesz na opakowaniu. Możesz również dodać komentarz z preferowanym typem produktu w koszyku lub wiadomości dla shoppera (np. “prosze o pomidory polskie”).Producent:Unilever Polska Sp. z o.o.\nAl. Jerozolimskie 134,\n02-305 Warszawa\nInfolinia: 801 109 387\ncałkowity koszt połączenia:\n1 impuls wg taryfy operatora\nOdwiedź: www.przepisy.plImporter:Unilever Polska Sp. z o.o.Al. Jerozolimskie 134 02-305 Warszawa PLinfolinia.pl@unilever.comNazwa wymagana prawnie:Fix Spaghetti 4 sery z brokułami"}], "images": ["data/images/1ab3dbd8d527ba9f0dd5dafba1513398.jpg"], "absolute_path": "Artykuły spożywcze/Produkty w proszku/Dania w proszku/Produkt 16"}
{"name": "Produkt 13", "url": "https://zakupy.biedronka.pl/knorr-knorr-nudle-pomidorowe-lagodne-65-g-0000002468.html", "title": "Knorr Nudle pomidorowe łagodne 65 g", "brand": "Knorr", "price": "2.89 PLN", "packaging_details": "0.065kg- 47,38 zł / kg", "description_sections": [{"header": "Opis produktu", "content": "Głęboki kolor i delikatny smak, w którym można się całkiem zatracić. Aromat pomidorów, zapach bazylii, posmak oliwy z oliwek, a do tego dobrze dobrane, łagodne przyprawy. To odpowiedź na głód każdego wielbiciela klasycznej pomidorowej uzupełnionej pysznymi nudlami."}, {"header": "Składniki i alergeny", "content": "Składniki:kluski (81%): mąkapszenna, tłuszcz palmowy, sól, skrobia modyfikowana, cukier, olej rzepakowy, przeciwutleniacze: mieszanina tokoferoli, estry kwasów tłuszczowych i kwasu askorbinowego; ekstrakt z kurkumy,mixprzyprawowy (19%): koncentrat pomidorowy (32%), syrop glukozowy, cukier, sól, mineralna sól potasowa, wzmacniacze smaku: glutaminian monosodowy, inozynian disodowy i guanylan disodowy; skrobia, aromaty, glukoza, papryka (2,6%), oliwa z oliwek najwyższej jakości z pierwszego tłoczenia, czosnek (1,8%), sossojowy(w tympszenica), kurkuma, maltodekstryna, natka pietruszkiAlergeny:Soja i produkty pochodne, \n\nZboża zawierajace gluten, \n\nPszenica i produkty z pszenicyInne informacje o zawartości produktu:Zawiera surowce GMO:Nie"}, {"header": "Wartość odżywcza", "content": "W 100 mlWartość energetyczna kcal92 kcalZawartość tłuszczów (ogólnie)3.9 gKwasy tłuszczowe nasycone1.9 gZawartość węglowodanów12 gCukry1.3 gZawartość błonnika0.6 gZawartość białek1.7 gZawartość soli0.91 g"}, {"header": "Przechowywanie i sposób przygotowania", "content": "Sposób przygotowania:Bez gotowania"}, {"header": "Pozostałe informacje", "content": "Kraj pochodzenia:PolskaKraj pochodzenia zależy od konkretnej partii produktu jaka znajduje się w sklepie. Informację o kraju pochodzenia znajdziesz na opakowaniu. Możesz również dodać komentarz z preferowanym typem produktu w koszyku lub wiadomości dla shoppera (np. “prosze o pomidory polskie”).Producent:Unilever Polska Sp. z o.o.\nAl. Jerozolimskie 134\n02-305 Warszawa\nInfolinia: 801 109 387Importer:Unilever Polska Sp. z o.o.Al. Jerozolimskie 134 02-305 Warszawa PLinfolinia.pl@unilever.comNazwa wymagana prawnie:Zupa - danie o smaku pomidorowym"}], "images": ["data/images/210c3a6873e15770c68f052280256357.jpg"], "absolute_path": "Artykuły spożywcze/Produkty w proszku/Dania w proszku/Produkt 13"}
{"name": "Produkt 14", "url": "https://zakupy.biedronka.pl/vifon-vifon-zloty-zupa-blyskawiczna-o-smaku-kurczaka-70-g-0000000013.html", "title": "Vifon Złoty Zupa błyskawiczna o smaku kurczaka 70 g", "brand": "Vifon", "price": "1.99 PLN", "packaging_details": "0.07kg- 28,43 zł / kg", "description_sections": [{"header": "Opis produktu", "content": "Zupa błyskawiczna z kluskami o smaku kurczaka (łagodna)"}, {"header": "Składniki i alergeny", "content": "Składniki:kluski (92,8%): mąkapszenna, tłuszcz palmowy, tapioka, sól, skrobia modyfikowana, cukier, stabilizatory: trifosforany, guma guar; substancje spulchniające: węglany potasu, węglany sodu; kurkuma; dodatki smakowe (7,2%): rafinowany olej palmowy, sól, cukier, wzmacniacze smaku: glutaminian monosodowy, guanylan disodowy, inozynian disodowy; maltodekstryna, pieprz, aromat (orzeszki ziemne), czosnek (1%), suszony por (1%), czerwona szalotka (0,5%), hydrolizat białkasojowego, barwnik: karmel; substancja przeciwzbrylająca: E 551; przeciwutleniacz: E 306."}, {"header": "Pozostałe informacje", "content": "Kraj pochodzenia:WietnamKraj pochodzenia zależy od konkretnej partii produktu jaka znajduje się w sklepie. Informację o kraju pochodzenia znajdziesz na opakowaniu. Możesz również dodać komentarz z preferowanym typem produktu w koszyku lub wiadomości dla shoppera (np. “prosze o pomidory polskie”).Dystrybutor:Jeronimo Martins Polska S.A.Żniwna 5 62-025 Kostrzyn PLImporter:Jeronimo Martins Polska S.A.Żniwna 5 62-025 Kostrzyn PLNazwa wymagana prawnie:ZŁOTY - zupa błyskawiczna z kluskami o smaku kurczaka (łagodna)"}], "images": ["data/images/587809ae548201582512a350e9fcbde3.jpg"], "absolute_path": "Artykuły spożywcze/Produkty w proszku/Dania w proszku/Produkt 14"}
{"name": "Produkt 12", "url": "https://zakupy.biedronka.pl/knorr-knorr-fix-spaghetti-bolognese-41-g-0000009077.html", "title": "Knorr Fix Spaghetti bolognese 41 g", "brand": "Knorr", "price": "4.79 PLN", "packaging_details": "0.041kg- 116,83 zł / kg", "description_sections": [{"header": "Opis produktu", "content": "Kompozycja warzyw, ziół i przypraw do przygotowania spaghetti bolognese."}, {"header": "Składniki i alergeny", "content": "Składniki:koncentrat pomidorowy¹ (44,8 %),skrobia,sól,cukier,mąkapszenna,pomidory¹ (3,6 %),ekstrakt drożdżowy,cebula¹ (2,4 %),papryka¹ (2,1 %),aromaty,olej kukurydziany,oregano¹ (1,4 %),natka pietruszki¹ (1%),czosnek¹,pieprz (0,4 %),¹Uprawiane w sposób zrównoważonyAlergeny:Może zawierać Seler, \n\nMoże zawierać Zboża zawierające gluten, \n\nMoże zawierać Jaja, \n\nMoże zawierać Mleko, \n\nMoże zawierać Gorczyca, \n\nMoże zawierać Soja, \n\nZawiera PszenicaInne informacje o zawartości produktu:Barwniki:Nie zawiera, \n\nkonserwanty:Nie zawiera"}, {"header": "Wartość odżywcza", "content": "W 100 gWartość energetyczna306 kcalTłuszcz2.7 gw tym kwasy tłuszczowe nasycone0.4 gWęglowodany57 gw tym cukry32 gBłonnik10 gBiałko9.9 gSól10.4 g"}, {"header": "Pozostałe informacje", "content": "Producent:Unilever Polska Sp. z o.o.\nAl. Jerozolimskie 134,\n02-305 Warszawa\nInfolinia: 801 109 387\ncałkowity koszt połączenia:\n1 impuls wg taryfy operatora\nOdwiedź: www.przepisy.plDystrybutor:Unilever Polska Sp. z o.o.Al. Jerozolimskie 134 02-305 Warszawa801 109 387Nazwa wymagana prawnie:Fix spaghetti bolognese."}], "images": ["data/images/4ee721aaacbf33f5efadd65d3246ad6c.jpg", "data/images/5f80c94b9396db7fb20618152ca6afde.jpg"], "absolute_path": "Artykuły spożywcze/Produkty w proszku/Dania w proszku/Produkt 12"}
{"name": "Produkt 15", "url": "https://zakupy.biedronka.pl/knorr-knorr-fix-macn-cheese-33-g--0000016247.html", "title": "Knorr Fix mac'n cheese 33 g", "brand": "Knorr", "price": "4.79 PLN", "packaging_details": "0.033kg- 145,15 zł / kg", "description_sections": [{"header": "Składniki i alergeny", "content": "Składniki:sertopiony (31 %) [ser, preparat serwatkowy (zmleka)],mąkapszenna,maltodekstryna,skrobia,tłuszcz palmowy,sól,aromaty,ekstrakt drożdżowy,cebula (1 %),laktoza,białkamleka,sok z cytryny,pieprz,kurkumaAlergeny:Może zawierać Jęczmień, \n\nMoże zawierać Seler, \n\nMoże zawierać Jaja, \n\nZawiera Mleko, \n\nMoże zawierać Gorczyca, \n\nMoże zawierać Owies, \n\nMoże zawierać Żyto, \n\nMoże zawierać Soja, \n\nZawiera PszenicaInne informacje o zawartości produktu:Barwniki:Nie zawiera, \n\nSmaki / Aromaty:Zawiera"}, {"header": "Wartość odżywcza", "content": "W 100 gWartość energetyczna435 kcalTłuszcz20 gw tym kwasy tłuszczowe nasycone12 gWęglowodany48 gw tym cukry3.9 gBłonnik0.9 gBiałko14 gSól8.2 g"}, {"header": "Pozostałe informacje", "content": "Producent:Unilever Polska Sp. z o.o.\nAl. Jerozolimskie 134,\n02-305 Warszawa\nInfolinia: 801 109 387\ncałkowity koszt połączenia: 1 impuls wg taryfy operatora\nOdwiedź: www.przepisy.plDystrybutor:Unilever Polska Sp. z o.o.Al. Jerozolimskie 134 02-305 Warszawa801 109 387Importer:Unilever Polska Sp. z o.o.Al. Jerozolimskie 134 02-305 Warszawa PLinfolinia.pl@unilever.comNazwa wymagana prawnie:Kompozycja sera i przypraw do przygotowania dania mac'n cheese."}], "images": ["data/images/90861ff73fed7b1df8e8f3971ea558c8.jpg"], "absolute_path": "Artykuły spożywcze/Produkty w proszku/Dania w proszku/Produkt 15"}
{"name": "Produkt 18", "url": "https://zakupy.biedronka.pl/knorr-knorr-goracy-kubek-pieczarkowa-z-grzankami-15-g-0000017515.html", "title": "Knorr Gorący Kubek Pieczarkowa z grzankami 15 g", "brand": "Knorr", "price": "1.99 PLN", "packaging_details": "0.015kg- 142,14 zł / kg", "description_sections": [{"header": "Opis produktu", "content": "Knorr Gorący Kubek zupa pieczarkowa z grzankami to smaczna, sycąca i niewymagająca więcej niż 2 minut przygotowania przekąska bez konserwantów, skomponowana ze starannie dobranych składników wysokiej jakości Zupa pieczarkowa to połączenie unikalnego smaku pieczarek, kremowej konsystencji zupy i grzanek z mąki pszennej, doprawione aromatyczną nutą pietruszki, kurkumy i pieprzu. W składzie nie znajdziesz za to konserwantów. Ten szybki, a jednocześnie pożywny i sycący posiłek zaspokoi głód nawet najbardziej wybrednych smakoszy. Ta idealna na szybką przekąskę zupa błyskawiczna jest nie tylko smaczna, ale i szybka oraz prosta w przygotowaniu. Zupa pieczarkowa świetnie sprawdzi się w podróży, w pracy, na uczelni czy podczas zabieganego dnia w domu. Krótko mówiąc: na jej bogaty smak możesz liczyć zawsze wtedy, gdy się spieszysz i doskwiera Ci głód, niezależnie od tego, gdzie jesteś. Jej przygotowanie zajmuje jedynie 2 minuty. Wystarczy wsypać zawartość torebki do kubka, zalać ją wrzątkiem, wymieszać i odczekać. W taki sposób w mgnieniu oka możesz cieszyć się smakiem bogato przyprawionej, aromatycznej zupy pieczarkowej, która zaspokoi pierwszy głód i odpowiednio Cię rozgrzeje. Jeśli zupa pieczarkowa zadowoliła Twoje kubki (nie tylko smakowe), koniecznie skosztuj także innych zup Knorr Gorący Kubek. Może do gustu przypadnie Ci zupa kurkowa z makaronem, zupa serowa z grzankami albo zupa gulaszowa z makaronem? Smacznego!Subrand:Gorący Kubek"}, {"header": "Składniki i alergeny", "content": "Składniki:skrobia,tłuszcz palmowy,grzanki (11 %) [pieczywo (mąkapszenna, sól, drożdże, olej rzepakowy), olej palmowy, przeciwutleniacz, wyciągi z rozmarynu],sól jodowana,maltodekstryna,ekstrakt drożdżowy,syrop glukozowy,koncentrat soku z pieczarek (4 %),aromaty,cebula (2 %),białkamleka,cukier,sól,mineralna sól potasowa,pieprz,kurkuma,syrop karmelowy,natka pietruszkiAlergeny:Może zawierać Seler, \n\nMoże zawierać Zboża zawierające gluten, \n\nMoże zawierać Jaja, \n\nZawiera Mleko, \n\nMoże zawierać Gorczyca, \n\nMoże zawierać Soja, \n\nZawiera PszenicaInne informacje o zawartości produktu:Przeciwutleniacze:Zawiera, \n\nSmaki / Aromaty:Zawiera, \n\nkonserwanty:Nie zawiera, \n\nSyrop glukozowy lub glukozowo-fruktozowy:Zawiera"}, {"header": "Przechowywanie i sposób przygotowania", "content": "Sposób podania:1) Zawartość torebki wsyp do kubka2) Zalej 200 ml wrzącej wody i wymieszaj"}, {"header": "Pozostałe informacje", "content": "Nazwa wymagana prawnie:Pieczarkowa z grzankami."}], "images": ["data/images/03644e802128e9028c1b427ae94f549a.jpg"], "absolute_path": "Artykuły spożywcze/Produkty w proszku/Dania w proszku/Produkt 18"}
{"name": "Produkt 20", "url": "https://zakupy.biedronka.pl/knorr-knorr-nudle-zupa-danie-pieczony-kurczak-61-g-0000002465.html", "title": "Knorr Nudle Zupa danie pieczony kurczak 61 g", "brand": "Knorr", "price": "2.89 PLN", "packaging_details": "0.061kg- 47,38 zł / kg", "description_sections": [{"header": "Opis produktu", "content": "Nie masz czasu na długie gotowanie, a jednocześnie chcesz zjeść coś smacznego i ciepłego? Może szybkie danie z makaronem? Każdy, bez względu na tryb życia, jaki prowadzi, zasługuje na pyszny posiłek. Dlatego z pomocą przychodzi danie instant – Knorr Nudle Pieczony kurczak, które możesz mieć zawsze pod ręką i przygotować w każdej chwili! To aromatyczna i smakowita kompozycja składników składających się na pyszne, esencjonalne danie, które Cię rozgrzeje. Zależy nam, aby dać Ci to, co najlepsze: nie tylko komfort w postaci szybkiego przygotowania, ale i doskonały smak, dlatego Nudle Knorr Pieczony kurczak to skład bez konserwantów. Receptura oparta została na wysokiej jakości składnikach. Wszystkie Nudle Knorr są teraz dostepne w nowej wersji, z nudlami smażonym w oleju słonecznikowym. Dzięki zastosowaniu olej słonecznikowego obniżyliśmy o ponad 30% zawartość nasyconych kwasów tłuszczowych. Jak przygotować szybkie danie na gorąco Knorr? To dziecinnie proste! Wystarczy, że wsypiesz kluski oraz całą zawartość saszetki do naczynia, następnie zalejesz 350 ml gorącej wody i wymieszasz. Teraz już tylko odczekaj 3-5 minut i ciesz się pyszną zupą o smaku pieczonego kurczaka. Jeśli zaś wolisz mniej płynne danie, przygotuj kluski zalewając je wodą, następnie odcedź, wymieszaj z zawartością saszetki i już – pyszny, aromatyczny makaron gotowy! Masz ochotę na inne smaki i zupy z makaronem? Koniecznie sprawdź inne szybkie dania obiadowe Knorr Nudle, np. Ser w ziołach, Nudle Pomidorowe łagodne lub pikantne i przekonaj się, że szybkie danie na ciepło możesz przygotować naprawdę błyskawicznie i kiedy tylko masz ochotę.Subrand:Nudle"}, {"header": "Składniki i alergeny", "content": "Składniki:Kluski (85 %): mąkapszenna, olej słonecznikowy (17 %), sól, skrobia modyfikowana, cukier, olej rzepakowy, ekstrakt kurkumy,Mix przyprawowy (15 %): maltodekstryna, aromaty, wzmacniacze smaku: glutaminian monosodowy, inozynian disodowy, guanylan disodowy; skrobia, prażona cebula¹ (4,4 %), cukier, sól, tłuszcz kurzy (3,8 %), natka pietruszki¹ (2,7 %), czosnek¹, pieprz cayenne, pieprz, kurkuma, nasionaselera, przeciwutleniacz: ekstrakty z rozmarynu,¹Uprawiane w sposób zrównoważonyAlergeny:Może zawierać Jęczmień, \n\nZawiera Seler, \n\nMoże zawierać Jaja, \n\nMoże zawierać Mleko, \n\nMoże zawierać Gorczyca, \n\nMoże zawierać Owies, \n\nMoże zawierać Żyto, \n\nMoże zawierać Soja, \n\nZawiera PszenicaInne informacje o zawartości produktu:Przeciwutleniacze:Zawiera, \n\nWzmacniacze smaku:Zawiera, \n\nSmaki / Aromaty:Zawiera, \n\nMSG (glutaminian):Zawiera, \n\nkonserwanty:Nie zawiera"}, {"header": "Przechowywanie i sposób przygotowania", "content": "Sposób podania:Sposób przygotowania:1. Kluski i zawartość saszetki wrzuć do naczynia.2. Zalej 350 ml (1,5 szklanki) gorącej wody, wymieszaj i zostaw na 3-5 minut.3. Gotowe!Smacznego!Masz ochotę na danie?Pokrusz kluski i wrzuć do naczynia. Zalej wrzącą wodą. Odczekaj 3-5 minut. Odcedź. Wrzuć zawartość torebki smakowej i dokładnie wymieszaj. Możesz już wbijać widelec.Dla mega przyjemnościDodaj grillowanego kurczaka"}, {"header": "Pozostałe informacje", "content": "Producent:Unilever Polska Sp. z o.o.\nAl. Jerozolimskie 134\n02-305 Warszawa\nInfolinia: 801 109 387Nazwa wymagana prawnie:Zupa - danie o smaku pieczonego kurczaka."}], "images": ["data/images/f37183a720ccf73e8260bb0d6a1d5759.jpg"], "absolute_path": "Artykuły spożywcze/Produkty w proszku/Dania w proszku/Produkt 20"}
{"name": "Produkt 17", "url": "https://zakupy.biedronka.pl/winiary-winiary-zurek-49-g-0000007762.html", "title": "Winiary Żurek 49 g", "brand": "Winiary", "price": "2.99 PLN", "packaging_details": "0.049kg- 61,02 zł / kg", "description_sections": [{"header": "Opis produktu", "content": "Żurek to tradycyjnie polska zupa przyrządzana na bazie mąki żytniej z dodatkiem przypraw takich jak majeranek, cebula i czosnek. Winiary Żurek ma przyjemnie kwaskowy, zrównoważony smak oraz delikatnie kremową konsystencję. To zupa, bez której trudno wyobrazić sobie wielkanocny stół, ale równie dobrze smakuje przez cały rok, podawana w towarzystwie różnorodnych dodatków. Świetnie smakuje podana z jajkami, chipsami z bekonu, kabanosami czy puree ziemniaczanym.W Winiary dbamy o to, co ważne - dobre składniki w naszych produktach. Dlatego Żurek zawiera mąkę z polskiego żyta oraz polski czosnek, cebulę i majeranek.Winiary Żurek:- To przyjemnie kwaskowy smak i delikatnie kremowa konsystencja- Powstaje ze żyta, cebuli, czosnku i majeranku uprawianych w Polsce- Świetnie smakuje z różnymi dodatkami, np. jajkami, puree ziemniaczanym, kabanosami"}, {"header": "Składniki i alergeny", "content": "Składniki:mąkażytnia46,9%, odtłuszczonemlekow proszku, mąkażytniarazowa 12,2%, sól, aromaty, wędzony tłuszcz wieprzowy, kwas (kwas cytrynowy), suszone warzywa 1,8% (cebula, czosnek), cukier, majeranek, przyprawy, skrobia kukurydziana, aromat dymu wędzarniczego. Może zawierać:jaja,soję,seler,gorczycę.Alergeny:Mleko i produkty pochodne (łącznie z laktozą), \n\nZboża zawierajace gluten, \n\nŻyto i produkty żytnieInne informacje o zawartości produktu:Zawiera surowce GMO:Nie"}, {"header": "Wartość odżywcza", "content": "W 100 mlWartość energetyczna kcal21 kcalZawartość tłuszczów (ogólnie)0.2 gKwasy tłuszczowe nasycone0.1 gZawartość węglowodanów3.8 gCukry0.9 gZawartość błonnika0.3 gZawartość białek0.8 gZawartość soli0.65 g"}, {"header": "Przechowywanie i sposób przygotowania", "content": "Sposób przygotowania:Do gotowania"}, {"header": "Pozostałe informacje", "content": "Kraj pochodzenia:PolskaKraj pochodzenia zależy od konkretnej partii produktu jaka znajduje się w sklepie. Informację o kraju pochodzenia znajdziesz na opakowaniu. Możesz również dodać komentarz z preferowanym typem produktu w koszyku lub wiadomości dla shoppera (np. “prosze o pomidory polskie”).Producent:Nestlé Polska S.A.\nul. Domaniewska 32\n02-672 Warszawa\nPorozmawiajmy\n800 174 902\nwww.winiary.plDystrybutor:Nestle Polska S.ADomaniewska 32 02-672 Warszawacs@pl.nestle.comNazwa wymagana prawnie:Żurek"}], "images": ["data/images/d95cd41eff64653f4e885152c20a6078.jpg", "data/images/567c7148fe532a52f562178429425dbf.jpg"], "absolute_path": "Artykuły spożywcze/Produkty w proszku/Dania w proszku/Produkt 17"}
{"name": "Produkt 21", "url": "https://zakupy.biedronka.pl/knorr-knorr-fix-spaghetti-carbonara-38-g-0000016093.html", "title": "Knorr Fix Spaghetti carbonara 38 g", "brand": "Knorr", "price": "4.79 PLN", "packaging_details": "0.038kg- 126,05 zł / kg", "description_sections": [{"header": "Opis produktu", "content": "Chętnie sięgasz po dania z makaronem? Wolisz sosy o kremowej konsystencji ? Sięgnij po Fix Knorr Spaghetti Carbonara z dodatkiem wędzonego boczku i pachnących przypraw. Polej nim swój ulubiony makaron, a wynik zaskoczy nie tylko Ciebie. Wypełnij kuchnię intensywnym aromatem, który sam przyciągnie domowników do stołu. Fix to prosty i szybki sposób na smaczne danie zachwycające wyjątkowym, wyrazistym smakiem."}, {"header": "Składniki i alergeny", "content": "Składniki:SER topiony (25 %) [SER, preparat serwatkowy (z MLEKA)], skrobia, ŚMIETANA (13,1 %), żółtko JAJA kurzego (10,8 %), aromaty (w tym MLEKO), olej słonecznikowy, mąka PSZENNA, wędzona słonina (2,9 %) (słonina, przeciwutleniacz: wyciągi z rozmarynu), sól jodowana, LAKTOZA, ekstrakt drożdżowy, natka pietruszki1 (0,6 %), białka MLEKA, czosnek1, kurkuma, aromat dymu wędzarniczego, sól.Może zawieraćseler,gorczycę, inne zboża zawierające gluten isoję.Uprawiane w sposób zrównoważony.Alergeny:Mleko i produkty pochodne (łącznie z laktozą), \n\nJaja i produkty pochodne, \n\nPszenica i produkty z pszenicyInne informacje o zawartości produktu:Zawiera surowce GMO:Nie"}, {"header": "Wartość odżywcza", "content": "W 100 gWartość energetyczna kcal147 kcalZawartość tłuszczów (ogólnie)2.6 gKwasy tłuszczowe nasycone1.1 gZawartość węglowodanów24 gCukry0.8 gZawartość błonnika1.7 gZawartość białek6.7 gZawartość soli0.61 g"}, {"header": "Pozostałe informacje", "content": "Kraj pochodzenia:PolskaKraj pochodzenia zależy od konkretnej partii produktu jaka znajduje się w sklepie. Informację o kraju pochodzenia znajdziesz na opakowaniu. Możesz również dodać komentarz z preferowanym typem produktu w koszyku lub wiadomości dla shoppera (np. “prosze o pomidory polskie”).Producent:Unilever Polska Sp. z o.o.\nAl. Jerozolimskie 134,\n02-305 Warszawa\nInfolinia: 801 109 387\ncałkowity koszt połączenia: 1 impuls wg taryfy operatora\nOdwiedź: www.przepisy.plImporter:Unilever Polska Sp. z o.o.Al. Jerozolimskie 134 02-305 Warszawa PLinfolinia.pl@unilever.comNazwa wymagana prawnie:Fix Spaghetti Carbonara"}], "images": ["data/images/38e3ec529a0493cf743f52a2705b03ef.jpg", "data/images/232eed163218b710b935f4b832343df2.jpg"], "absolute_path": "Artykuły spożywcze/Produkty w proszku/Dania w proszku/Produkt 21"}
{"name": "Produkt 19", "url": "https://zakupy.biedronka.pl/winiary-winiary-barszcz-czerwony-60-g-0000000001.html", "title": "Winiary Barszcz czerwony 60 g", "brand": "Winiary", "price": "2.99 PLN", "packaging_details": "0.06kg- 49,83 zł / kg", "description_sections": [{"header": "Opis produktu", "content": "Barszcz czerwony to jedna z najpopularniejszych zup w Polsce, która nieodłącznie kojarzy się z Wigilią, ale jest serwowana na różne okazje podczas rodzinnych obiadów. Zupa ekspresowa WINIARY to gwarancja smaku, intensywnego koloru i aromatu. Zawsze wyjdzie idealny!Barszcz ekspresowy WINIARY doskonale smakuje zarówno solo, jak i z tłuczonymi ziemniakami, pierożkami, krokietami czy pasztecikami. Świetnie się sprawdzi jako szybka przekąska, bez gotowania.Jak przygotować barszcz czerwony ekspresowa zupa WINIARY? Wystarczy wsypać 3 płaskie łyżeczki (12g) do kubka, zalać 180 ml wrzącej wody i zamieszać. Duże opakowanie 60 g wystarczy na 5 porcji. Możesz również dodać całą zawartość torebki pod koniec gotowania Twojego domowego barszczu.Barszcz czerwony ekspresowa zupa WINIARY to:• Pyszna zupa, którą przygotujesz w kilka minut.• Gwarancja pysznego smaku, aromatu i koloru.• Sposób na szybką, rozgrzewającą przekąskę bez gotowania.• Produkt z polskimi burakami i odpowiednio dobranymi przyprawami.Barszcz czerwony z torebki sprawdzi się idealnie do picia w kubku, na codzienny obiad z rodziną lub jako tradycyjna wigilijna zupa."}, {"header": "Składniki i alergeny", "content": "Składniki:cukier,zagęszczony sok z buraków 15,9 %,maltodekstryna,sól,kwas (kwas cytrynowy),ekstrakt drożdży,olej słonecznikowy,aromaty,fermentowane białkopszenne,majeranek,przyprawyAlergeny:Może zawierać Seler, \n\nMoże zawierać Jaja, \n\nMoże zawierać Mleko, \n\nMoże zawierać Gorczyca, \n\nMoże zawierać Soja, \n\nZawiera PszenicaInne informacje o zawartości produktu:Smaki / Aromaty:Zawiera"}, {"header": "Przechowywanie i sposób przygotowania", "content": "Sposób podania:Sposób przyrządzenia:1 min., 5 porcji1. 3 płaskie łyżeczki (12 g) produktu zalej 180 ml wrzącej wody i dokładnie wymieszaj.2. Możesz też dodać produkt pod koniec gotowania do Twojego domowego barszczu. Ilość dostosuj do upodobań."}, {"header": "Pozostałe informacje", "content": "Producent:Nestlé Polska S.A.\nul. Domaniewska 32\n02-672 Warszawa\nPorozmawiajmy\n800 174 902\nwww.winiary.plNazwa wymagana prawnie:Barszcz czerwony. Ekspresowa zupa instant."}], "images": ["data/images/67477be4b659365e3b01824d50a11200.jpg"], "absolute_path": "Artykuły spożywcze/Produkty w proszku/Dania w proszku/Produkt 19"}
{"name": "Produkt 24", "url": "https://zakupy.biedronka.pl/knorr-knorr-goracy-kubek-grochowa-z-grzankami--21-g-0000017514.html", "title": "Knorr Gorący Kubek Grochowa z grzankami  21 g", "brand": "Knorr", "price": "1.99 PLN", "packaging_details": "0.021kg- 104,74 zł / kg", "description_sections": [{"header": "Opis produktu", "content": "Knorr gorący kubek grochowa z grzankami"}, {"header": "Składniki i alergeny", "content": "Składniki:groch (59%), grzanki (9,5%) [pieczywo (mąkapszenna, sól, drożdże, olej słonecznikowy), olej palmowy, przeciwutleniacz: wyciągi z rozmarynu], sól jodowana, skrobia, syrop glukozowy, cukier, ekstrakt drożdżowy, sól, wędzona słonina (1,7%) (słonina, przeciwutleniacz: ekstrakty z rozmarynu), wędzony boczek (1,4%) (boczek, sól), tłuszcz palmowy, czosnek, pieprz, majeranek (0,9%), aromat dymu wędzarniczego, aromaty. Może zawieraćseler,jaja,mleko,gorczycę,sojęi inne zboża zawierające gluten.Alergeny:Zboża zawierajace gluten, \n\nPszenica i produkty z pszenicyInne informacje o zawartości produktu:Zawiera surowce GMO:Nie, \n\nZawiera przeciwutleniacze:Tak, \n\nZawiera barwniki:Nie, \n\nZawiera aromaty:Tak"}, {"header": "Wartość odżywcza", "content": "W 100 mlWartość energetyczna kcal38 kcalZawartość tłuszczów (ogólnie)0.8 gKwasy tłuszczowe nasycone0.3 gZawartość węglowodanów5.6 gCukry1 gZawartość błonnika0.6 gZawartość białek1.6 gZawartość soli0.9 g"}, {"header": "Przechowywanie i sposób przygotowania", "content": "Sposób przygotowania:1) Zawartość torebki wsyp do kubka.2) Zalej 200 ml wrzącej wody i wymieszaj.3) Smacznego!"}, {"header": "Pozostałe informacje", "content": "Kraj pochodzenia:RumuniaKraj pochodzenia zależy od konkretnej partii produktu jaka znajduje się w sklepie. Informację o kraju pochodzenia znajdziesz na opakowaniu. Możesz również dodać komentarz z preferowanym typem produktu w koszyku lub wiadomości dla shoppera (np. “prosze o pomidory polskie”).Nazwa wymagana prawnie:Grochowa z grzankami."}], "images": ["data/images/cbf0237df715403dcaea5f8e025b28ce.jpg"], "absolute_path": "Artykuły spożywcze/Produkty w proszku/Dania w proszku/Produkt 24"}
{"name": "Produkt 25", "url": "https://zakupy.biedronka.pl/knorr-knorr-goracy-kubek-serowa-z-grzankami-22-g-0000017724.html", "title": "Knorr Gorący Kubek Serowa z grzankami 22 g", "brand": "Knorr", "price": "1.99 PLN", "packaging_details": "0.022kg- 90,45 zł / kg", "description_sections": [{"header": "Opis produktu", "content": "Knorr gorący kubek serowa z grzankami"}, {"header": "Składniki i alergeny", "content": "Składniki:Składniki: skrobia, SER topiony (18%) [SER, preparat serwatkowy (z MLEKA)], grzanki (12%) [pieczywo (mąka PSZENNA, sól, drożdże, olej rzepakowy), olej palmowy, przeciwutleniacz: ekstrakty z rozmarynu], tłuszcz plamowy, sól, syrop glukozowy, cukier, cebula, ekstrakt drożdżowy, zamiennik soli^, szczypiorek (1%), białka MLEKA, kurkuma, pietruszka korzeń, aromaty (w tym MLEKO). ^Z naturalnej mineralnej soli potasowej. Może zawieraćjaja,selerigorczycę.Alergeny:Gorczyca i produkty pochodne, \n\nSeler i produkty pochodne, \n\nMleko i produkty pochodne (łącznie z laktozą), \n\nJaja i produkty pochodne, \n\nZboża zawierajace glutenInne informacje o zawartości produktu:Zawiera surowce GMO:Nie, \n\nZawiera substancje konserwujące:Nie"}, {"header": "Wartość odżywcza", "content": "W 100 mlWartość energetyczna kcal48 kcalZawartość tłuszczów (ogólnie)2.4 gKwasy tłuszczowe nasycone1.4 gZawartość węglowodanów5.4 gCukry1 gZawartość błonnika0.5 gZawartość białek1.1 gZawartość soli0.97 g"}, {"header": "Pozostałe informacje", "content": "Kraj pochodzenia:RumuniaKraj pochodzenia zależy od konkretnej partii produktu jaka znajduje się w sklepie. Informację o kraju pochodzenia znajdziesz na opakowaniu. Możesz również dodać komentarz z preferowanym typem produktu w koszyku lub wiadomości dla shoppera (np. “prosze o pomidory polskie”).Nazwa wymagana prawnie:Serowa z grzankami."}], "images": ["data/images/44bcb281bf77508ae70fa07347e3d7d9.jpg"], "absolute_path": "Artykuły spożywcze/Produkty w proszku/Dania w proszku/Produkt 25"}
{"name": "Produkt 23", "url": "https://zakupy.biedronka.pl/vifon-vifon-zupa-blyskawiczna-piec-smakow-70-g-0000002093.html", "title": "Vifon Zupa błyskawiczna pięć smaków 70 g", "brand": "Vifon", "price": "1.99 PLN", "packaging_details": "0.07kg- 28,43 zł / kg", "description_sections": [{"header": "Składniki i alergeny", "content": "Składniki:kluski (92,1%): mąkapszenna, tłuszcz palmowy, tapioka, sól, skrobia modyfikowana, cukier, stabilizatory: trifosforany, guma guar; substancje spulchniające: węglany potasu, węglany sodu; kurkuma,dodatki smakowe (7,9%): sól, rafinowany olej palmowy, wzmacniacze smaku: glutaminian monosodowy, guanylan disodowy, inozynian disodowy; maltodekstryna, zabielacz (syrop glukozowy, tłuszcz palmowy, kazeinian sodu (mleko), emulgator: E 471, substancja przeciwzbrylająca: E 554, aromat), przyprawa „pięć smaków\" (3%): anyż gwiazdkowaty, biedrzeniec anyż, cynamon, goździk, nasiona kolendry; czosnek, czerwona szalotka, pieprz, chili (2%), suszony szczypior (1%), barwnik: karmel; aromaty (soja), przeciwutleniacz: E 306"}, {"header": "Przechowywanie i sposób przygotowania", "content": "Sposób podania:Sposób przyrządzania:1. Kluski pokruszyć i wrzucić do głębokiej miski. Przyprawy z torebek dodać do smaku. Zalać 0,4 litra wrzącej wody.2. Przykryć na 3 minuty.3. Po wymieszaniu zupa jest gotowa do spożycia."}, {"header": "Pozostałe informacje", "content": "Nazwa wymagana prawnie:Zupa błyskawiczna z kluskami (lekko pikantna)."}], "images": ["data/images/c4fef049a23dcdf0efe1aa14c5d6b489.jpg"], "absolute_path": "Artykuły spożywcze/Produkty w proszku/Dania w proszku/Produkt 23"}
{"name": "Produkt 26", "url": "https://zakupy.biedronka.pl/knorr-knorr-goracy-kubek-zurek-z-grzankami-17-g-0000017513.html", "title": "Knorr Gorący Kubek Żurek z grzankami 17 g", "brand": "Knorr", "price": "1.99 PLN", "packaging_details": "0.017kg- 104,74 zł / kg", "description_sections": [{"header": "Opis produktu", "content": "Knorr Gorący Kubek Żurek z grzankami"}, {"header": "Składniki i alergeny", "content": "Składniki:skrobia, grzanki (15%) [pieczywo (mąkapszenna, sól, drożdże, olej rzepakowy), olej palmowy, przeciwutleniacz: ekstrakty z rozmarynu], sól jodowana, preparat serwatkowy (mleko), tłuszcz palmowy, maltodekstryna, mąka (żytnia,pszenna), syrop glukozowy, wędzona słonina (2,5%), (słonina, przeciwutleniacz: ekstrakty z rozmarynu), cukier,laktoza, wędzony boczek (2%) (boczek, sól), ekstrakt drożdżowy, sól, czosnek (1%), kwas: kwas cytrynowy; majeranek (0,7%), aromat dymu wędzarniczego, aromaty. Może zawieraćseler,jaja,gorczycę,soję,łubini inne zboża zawierające gluten.Alergeny:Mleko i produkty pochodne (łącznie z laktozą), \n\nZboża zawierajace gluten, \n\nPszenica i produkty z pszenicy, \n\nŻyto i produkty żytnieInne informacje o zawartości produktu:Zawiera surowce GMO:Nie, \n\nZawiera barwniki:Nie, \n\nZawiera aromaty:Tak"}, {"header": "Wartość odżywcza", "content": "W 100 mlWartość energetyczna kcal34 kcalZawartość tłuszczów (ogólnie)1.2 gKwasy tłuszczowe nasycone0.6 gZawartość węglowodanów5 gCukry0.8 gZawartość błonnika0.5 gZawartość białek0.5 gZawartość soli0.97 g"}, {"header": "Przechowywanie i sposób przygotowania", "content": "Sposób przygotowania:1) Zawartość torebki wsyp do kubka.2) Zalej 200 ml wrzącej wody i wymieszaj.3) Smacznego!"}, {"header": "Pozostałe informacje", "content": "Kraj pochodzenia:RumuniaKraj pochodzenia zależy od konkretnej partii produktu jaka znajduje się w sklepie. Informację o kraju pochodzenia znajdziesz na opakowaniu. Możesz również dodać komentarz z preferowanym typem produktu w koszyku lub wiadomości dla shoppera (np. “prosze o pomidory polskie”).Producent:Unilever Polska Sp. z o.o.\nAl. Jerozolimskie 134\n02-305 Warszawa\nInfolinia: 801 109 387\ncałkowity koszt połączenia:\n1 impuls wg taryfy operatora\nwww.knorr.plDystrybutor:Unilever Polska Sp. z o.o.Al. Jerozolimskie 134 02-305 Warszawainfolinia.pl@unilever.comNazwa wymagana prawnie:Żurek z grzankami."}], "images": ["data/images/05c5a3217e5393862eb10b1719ad1034.jpg"], "absolute_path": "Artykuły spożywcze/Produkty w proszku/Dania w proszku/Produkt 26"}
{"name": "Produkt 22", "url": "https://zakupy.biedronka.pl/knorr-knorr-fix-spaghetti-napoli-45g-0000016087.html", "title": "Knorr Fix Spaghetti napoli 45g", "brand": "Knorr", "price": "4.79 PLN", "packaging_details": "0.045kg- 106,44 zł / kg", "description_sections": [{"header": "Opis produktu", "content": "Doskonale doprawiony i gęsty sos uzyskasz dzięki Fix Spaghetti Napoli. Do jego stworzenia użyłem 3 świeżych pomidorów, które ususzyłem, a następnie wymieszałem z typowymi dla kuchni włoskiej ziołami: bazylią, oregano i tymiankiem - Piotr Murawski, szef kuchni Knorr. Wypełnij kuchnię intensywnym aromatem, który sam przyciągnie domowników do stołu. Fix to prosty i szybki sposób na smaczne danie zachwycające wyjątkowym, wyrazistym smakiem."}, {"header": "Składniki i alergeny", "content": "Składniki:koncentrat pomidorowy (50,5% ), skrobia, cukier, sól jodowana, cebula (1,5%), bazylia (0,5%), tymianek (0,5%), oregano, olej słonecznikowy, kwas cytrynowy; czosnek, pieprz. Może zawieraćseler, gluten (zboża),jaja,mleko,gorczycęisoję.Inne informacje o zawartości produktu:Zawiera surowce GMO:Nie"}, {"header": "Wartość odżywcza", "content": "W 100 gWartość energetyczna kcal315 kcalZawartość tłuszczów (ogólnie)1.6 gKwasy tłuszczowe nasycone0.2 gZawartość węglowodanów65 gCukry37 gZawartość błonnika8.8 gZawartość białek7.5 gZawartość soli7.3 g"}, {"header": "Pozostałe informacje", "content": "Kraj pochodzenia:RumuniaKraj pochodzenia zależy od konkretnej partii produktu jaka znajduje się w sklepie. Informację o kraju pochodzenia znajdziesz na opakowaniu. Możesz również dodać komentarz z preferowanym typem produktu w koszyku lub wiadomości dla shoppera (np. “prosze o pomidory polskie”).Producent:Unilever Polska Sp. z o.o.\nAl. Jerozolimskie 134,\n02-305 Warszawa\nInfolinia: 801 109 387\ncałkowity koszt połączenia: 1 impuls wg taryfy operatora\nOdwiedź: www.przepisy.plImporter:Unilever Polska Sp. z o.o.Al. Jerozolimskie 134 02-305 Warszawa PLinfolinia.pl@unilever.comNazwa wymagana prawnie:Fix spaghetti napoli"}], "images": ["data/images/db402e94d699ef8c644d2edf832fa876.jpg"], "absolute_path": "Artykuły spożywcze/Produkty w proszku/Dania w proszku/Produkt 22"}
{"name": "Produkt 30", "url": "https://zakupy.biedronka.pl/vifon-vifon-zupa-blyskawiczna-smak-chinski-70-g-0000002094.html", "title": "Vifon Zupa błyskawiczna smak chiński 70 g", "brand": "Vifon", "price": "1.99 PLN", "packaging_details": "0.07kg- 28,43 zł / kg", "description_sections": [{"header": "Opis produktu", "content": "Bez substancji konserwujących"}, {"header": "Składniki i alergeny", "content": "Składniki:kluski (92,8%): mąkapszenna, tłuszcz palmowy, tapioka, sól, skrobia modyfikowana, cukier, stabilizatory: trifosforany, guma guar; substancje spulchniające: węglany potasu, węglany sodu; kurkuma,dodatki smakowe (7,2%): sól, rafinowany olej palmowy, cukier, wzmacniacze smaku: glutaminian monosodowy, guanylan disodowy, inozynian disodowy; cukier, aromaty (orzeszki ziemne,sezam), pieprz, suszony por (0,82%), czerwona szalotka (0,5%), czosnek (0,5%), hydrolizat białkasojowego, barwnik: karmel; maltodekstryna, substancja przeciwzbrylająca: E 551; przeciwutleniacz: E 306"}, {"header": "Przechowywanie i sposób przygotowania", "content": "Sposób podania:Sposób przyrządzania:1. Kluski pokruszyć i wrzucić do głębokiej miski. Przyprawy z torebek dodać do smaku. Zalać 0,4 litra wrzącej wody.2. Przykryć na 3 minuty.3. Po wymieszaniu zupa jest gotowa do spożycia."}, {"header": "Pozostałe informacje", "content": "Kraj pochodzenia:WietnamKraj pochodzenia zależy od konkretnej partii produktu jaka znajduje się w sklepie. Informację o kraju pochodzenia znajdziesz na opakowaniu. Możesz również dodać komentarz z preferowanym typem produktu w koszyku lub wiadomości dla shoppera (np. “prosze o pomidory polskie”).Nazwa wymagana prawnie:Zupa błyskawiczna z kluskami o smaku kurczaka (łagodna)."}], "images": ["data/images/73fba94d8a8d2f57a4ea7d1baa0a8d1e.jpg"], "absolute_path": "Artykuły spożywcze/Produkty w proszku/Dania w proszku/Produkt 30"}
{"name": "Produkt 28", "url": "https://zakupy.biedronka.pl/knorr-knorr-nudle-teriyaki-65-g-0000021408.html", "title": "Knorr Nudle Teriyaki 65 g", "brand": "Knorr", "price": "2.89 PLN", "packaging_details": "0.065kg- 47,38 zł / kg", "description_sections": [{"header": "Opis produktu", "content": "Zupa Knorr o smaku teriyaki z gęstym sosem Nudle to szybkie i smaczne danie inspirowane azjatycką kuchnią. Dzięki połączeniu aromatycznego sosu teriyaki i chrupiących nudli, stanowi doskonały wybór na szybki, pełnowartościowy posiłek."}, {"header": "Składniki i alergeny", "content": "Składniki:Kluski (80 %): mąka PSZENNA, olej słonecznikowy (17 %), sól, skrobia modyfikowana,cukier, olej rzepakowy, ekstrakt kurkumy. Może zawierać SOJĘ, ŻYTO, JĘCZMIEŃ, OWIES, JAJA, MLEKO, SELER, GORCZYCĘ i ŁUBIN. Mix przyprawowy (20 %): cukier,skrobia, sossojowyw proszku (10,8 %) [sossojowy(SOJA, PSZENICA), sól, maltodekstryna], wzmacniacze smaku: glutaminian monosodowy, inozynian disodowy, guanylan disodowy; substancja zagęszczająca: guma guar; syrop karmelowy, aromaty, maltodekstryna, czosnek (2,7 %), imbir (1,6 %), natka pietruszki, cebula, szczypiorek (0,8 %), regulator kwasowości: kwas cytrynowy; ekstrakt drożdżowy, pieprz. Może zawierać ŻYTO, JĘCZMIEŃ, OWIES, JAJA, MLEKO, SELER,GORCZYCA i ŁUBIN.Alergeny:Zboża zawierajace gluten, \n\nPszenica i produkty z pszenicyInne informacje o zawartości produktu:Zawiera surowce GMO:Nie"}, {"header": "Wartość odżywcza", "content": "W 100 mlWartość energetyczna kcal122 kcalZawartość tłuszczów (ogólnie)5 gKwasy tłuszczowe nasycone0.5 gZawartość węglowodanów16 gCukry1.8 gZawartość błonnika0.8 gZawartość białek2.1 gZawartość soli1.1 g"}, {"header": "Przechowywanie i sposób przygotowania", "content": "Sposób przygotowania:Zalać gorącą wodą"}, {"header": "Pozostałe informacje", "content": "Kraj pochodzenia:PolskaKraj pochodzenia zależy od konkretnej partii produktu jaka znajduje się w sklepie. Informację o kraju pochodzenia znajdziesz na opakowaniu. Możesz również dodać komentarz z preferowanym typem produktu w koszyku lub wiadomości dla shoppera (np. “prosze o pomidory polskie”).Importer:Unilever Polska Sp. z o.o.Al. Jerozolimskie 134 02-305 Warszawa PLinfolinia.pl@unilever.comNazwa wymagana prawnie:Zupa -danie o smaku teriyaki"}], "images": ["data/images/2e3db1151219228b0e3b30f6cbafa67d.jpg"], "absolute_path": "Artykuły spożywcze/Produkty w proszku/Dania w proszku/Produkt 28"}
{"name": "Produkt 31", "url": "https://zakupy.biedronka.pl/vifon-vifon-zupa-blyskawiczna-o-smaku-kurczaka-pikantny-70-g-0000019801.html", "title": "Vifon Zupa błyskawiczna o smaku kurczaka pikantny 70 g", "brand": "Vifon", "price": "1.99 PLN", "packaging_details": "0.07kg- 28,43 zł / kg", "description_sections": [{"header": "Składniki i alergeny", "content": "Składniki:kluski (90,4%): mąkapszenna, tłuszcz palmowy, tapioka, sól, skrobia modyfikowana, cukier, stabilizatory: trifosforany, guma guar; substancje spulchniające: węglany potasu, węglany sodu; kurkuma (0,01%),dodatki smakowe (9,6%): sól, rafinowany olej palmowy, wzmacniacze smaku: glutaminian monosodowy, guanylan disodowy, inozynian disodowy; suszone warzywa w zmiennych proporcjach (11,9%): marchew, szczypior; cukier, aromaty (jaja,orzeszki ziemne,soja,seler, nasionasezamu), chili (3,7%), czosnek (1,6%), pieprz, czerwona szalotka (0,3%), kurkuma (0,3%), maltodekstryna, substancja przeciwzbrylająca: E 551, przeciwutleniacz: E 306Alergeny:Zawiera Seler, \n\nZawiera Jaja, \n\nZawiera Orzeszki ziemne, \n\nZawiera Sezam, \n\nZawiera Soja, \n\nZawiera PszenicaInne informacje o zawartości produktu:konserwanty:Nie zawiera"}, {"header": "Przechowywanie i sposób przygotowania", "content": "Sposób podania:Sposób przyrządzania:1. Kluski pokruszyć i wrzucić do głębokiej miski. Przyprawy z torebek dodać do smaku. Zalać 0,4 litra wrzącej wody.2. Przykryć na 3 minuty.3. Po wymieszaniu zupa jest gotowa do spożycia."}, {"header": "Pozostałe informacje", "content": "Kraj pochodzenia:WietnamKraj pochodzenia zależy od konkretnej partii produktu jaka znajduje się w sklepie. Informację o kraju pochodzenia znajdziesz na opakowaniu. Możesz również dodać komentarz z preferowanym typem produktu w koszyku lub wiadomości dla shoppera (np. “prosze o pomidory polskie”).Producent:Wyprodukowano w\nVIFON 913 Truong Chinh Street,\nTay Thanh Ward,\nTan Phu District,\nHo Chi Minh City\nVietnamDystrybutor:TAN-VIET International S.A.ul. Marco Polo 9 83-031 Łęgowo Polskatan-viet@tan-viet.com.plImporter:TAN-VIET International S.A.ul. Marco Polo 9 83-031 Łęgowo PolskaNazwa wymagana prawnie:Zupa błyskawiczna z kluskami o smaku kurczaka z chili (mega ostra)."}], "images": ["data/images/133edfa23a988158c0c92c5d18b61314.jpg"], "absolute_path": "Artykuły spożywcze/Produkty w proszku/Dania w proszku/Produkt 31"}
{"name": "Produkt 27", "url": "https://zakupy.biedronka.pl/culineo-culineo-goraca-chwila-grochowa-z-wedzonym-boczkiem-i-grzankami-21-g-0000005091.html", "title": "Culineo Gorąca Chwila Grochowa z wędzonym boczkiem i grzankami 21 g", "brand": "Culineo", "price": "1.25 PLN", "packaging_details": "0.021kg- 113,64 zł / kg", "description_sections": [{"header": "Opis produktu", "content": "Nutriscore:C"}, {"header": "Składniki i alergeny", "content": "Składniki:Mąka grochowa (66,7%), grzanki (9%): mąkapszenna, olej palmowy, sól, drożdże; sól, aromaty, boczek wieprzowy wędzony suszony (3,6%), ekstrakty drożdżowe, suszone płatki ziemniaczana (2,8%), skrobia ziemniaczana, przyprawy: majeranek (0,6%), pieprz czarny mielony, kminek; suszony koncentrat czosnku. Produkt może zawierać:mleko(łącznie z laktozą),seler,sojęigorczycę.Alergeny:Zboża zawierajace gluten, \n\nPszenica i produkty z pszenicyInne informacje o zawartości produktu:Zawiera surowce GMO:Nie, \n\nZawiera olej palmowy:Tak, \n\nPoziom znakowania Nutriscore:C"}, {"header": "Wartość odżywcza", "content": "W 100 mlWartość energetyczna kcal35 kcalZawartość tłuszczów (ogólnie)0.7 gKwasy tłuszczowe nasycone0.3 gZawartość węglowodanów4.8 gCukry0.7 gZawartość błonnika0.9 gZawartość białek2.1 gZawartość soli1 g"}, {"header": "Przechowywanie i sposób przygotowania", "content": "Sposób przygotowania:1) Zawartość saszetki wsypał do kubka.2) Zalać 200 ml wrzącej wody.3) Dokładnie wymieszać."}, {"header": "Pozostałe informacje", "content": "Producent:HANPOL FOOD Sp. z o.o. Sp. k.Dystrybutor:Jeronimo Martins Polska S.A.Żniwna 5 62-025 KostrzynImporter:Jeronimo Martins Polska S.A.Żniwna 5 62-025 Kostrzyn PLNazwa wymagana prawnie:Zupa instant. Grochowa z wędzonym boczkiem i grzankami."}], "images": ["data/images/5c12b2d8e3037759d6c2eece61c8eb4e.jpg", "data/images/b36853721d1b458bed3f46b563dc985c.jpg"], "absolute_path": "Artykuły spożywcze/Produkty w proszku/Dania w proszku/Produkt 27"}
{"name": "Produkt 29", "url": "https://zakupy.biedronka.pl/amino-amino-zupa-blyskawiczna-grzybowa-z-borowikami-i-maslakami-57-g-0000000025.html", "title": "Amino Zupa błyskawiczna grzybowa z borowikami i maślakami 57 g", "brand": "Amino", "price": "2.49 PLN", "packaging_details": "0.057kg- 37,73 zł / kg", "description_sections": [{"header": "Składniki i alergeny", "content": "Składniki:kluski (91 %): mąkapszenna, olej słonecznikowy (17 %), skrobia modyfikowana, sól, cukier olej rzepakowy, ekstrakt kurkumy,mieszanka smakowa (9 %): sól jodowana, skrobia, wzmacniacze smaku: glutaminian monosodowy, inozynian disodowy, guanylan disodowy; maltodekstryna, mineralna sól potasowa, por, natka pietruszki¹ (3,3 %), aromaty, koncentrat soku z pieczarek (2,7 %), cebula (2,5 %), hydrolizowane białko roślinne, sossojowyw proszku [maltodekstryna, sól, sossojowy(soja,pszenica)], syrop karmelowy, ekstrakt drożdżowy, tłuszcz palmowy, borowiki¹ (1,2 %), preparat serwatkowy (zmleka), maślaki (0,8 %), pieprz,laktoza, mąkapszenna, sól,¹uprawiane w sposób zrównoważonyAlergeny:Może zawierać Jęczmień, \n\nMoże zawierać Seler, \n\nMoże zawierać Jaja, \n\nMoże zawierać Łubin, \n\nZawiera Mleko, \n\nMoże zawierać Gorczyca, \n\nMoże zawierać Owies, \n\nMoże zawierać Żyto, \n\nZawiera Soja, \n\nZawiera PszenicaInne informacje o zawartości produktu:Barwniki:Nie zawiera, \n\nWzmacniacze smaku:Zawiera, \n\nSmaki / Aromaty:Zawiera, \n\nMSG (glutaminian):Zawiera, \n\nkonserwanty:Nie zawiera"}, {"header": "Przechowywanie i sposób przygotowania", "content": "Sposób podania:Sposób przygotowania:Kluski i zawartość saszetki wrzuć do naczynia.Zalej 400 ml (2 niepełne szklanki) gorącej wody.Dokładnie wymieszaj. Odstaw na 3-5 minut."}, {"header": "Pozostałe informacje", "content": "Kraj pochodzenia:PolskaKraj pochodzenia zależy od konkretnej partii produktu jaka znajduje się w sklepie. Informację o kraju pochodzenia znajdziesz na opakowaniu. Możesz również dodać komentarz z preferowanym typem produktu w koszyku lub wiadomości dla shoppera (np. “prosze o pomidory polskie”).Producent:Unilever Polska Sp. z o.o.\nAl. Jerozolimskie 134\n02-305 Warszawa\nPolska\nInfolinia 801 109 387\ncałkowity koszt połączenia: 1 impuls według taryfy operatoraNazwa wymagana prawnie:Grzybowa z borowikami i maślakami zupa błyskawiczna."}], "images": ["data/images/92b223fbd900ea58000ddac974d705a0.jpg"], "absolute_path": "Artykuły spożywcze/Produkty w proszku/Dania w proszku/Produkt 29"}
{"name": "Produkt 36", "url": "https://zakupy.biedronka.pl/winiary-winiary-pomysl-na...-zapiekanka-makaronowa-z-szynka-35-g-0000016022.html", "title": "Winiary Pomysł na... Zapiekanka makaronowa z szynką 35 g", "brand": "Winiary", "price": "3.99 PLN", "packaging_details": "0.035kg- 114,00 zł / kg", "description_sections": [{"header": "Opis produktu", "content": "Ten produkt powstał z suszonych składników. Suszenie pozwala w naturalny sposób zachować na dłużej smak i aromat warzyw oraz ziół zebranych w szczycie sezonu.Subrand:Pomysł na..."}, {"header": "Składniki i alergeny", "content": "Składniki:mąkapszenna*,skrobia ziemniaczana*,suszone warzywa 11,0 % (cebula*, czosnek*),sól,odtłuszczonemlekow proszku*,ekstrakt drożdży*,aromaty,zioła 2,6 % (szczypiorek*, liść pietruszki*, majeranek*, tymianek*),gałka muszkatołowa*,olej palmowy,*naturalne składnikiAlergeny:Może zawierać Seler, \n\nMoże zawierać Jaja, \n\nZawiera Mleko, \n\nMoże zawierać Gorczyca, \n\nMoże zawierać Soja, \n\nZawiera Pszenica"}, {"header": "Pozostałe informacje", "content": "Producent:Nestlé Polska S.A.\nul. Domaniewska 32\n02-672 Warszawa\nPorozmawiajmy\n800 174 902\nwww.winiary.plNazwa wymagana prawnie:Kompozycja do przygotowania dania. Zapiekanka makaronowa z szynką."}], "images": ["data/images/cb0fb116dafa20a82cba294debd1aa26.jpg"], "absolute_path": "Artykuły spożywcze/Produkty w proszku/Dania w proszku/Produkt 36"}
{"name": "Produkt 32", "url": "https://zakupy.biedronka.pl/knorr-knorr-goracy-kubek-rosol-z-kury-z-makaronem-12-g-0000017723.html", "title": "Knorr Gorący Kubek Rosół z kury z makaronem 12 g", "brand": "Knorr", "price": "1.99 PLN", "packaging_details": "0.012kg- 90,45 zł / kg", "description_sections": [{"header": "Opis produktu", "content": "Smakuje jak prawdziwy, domowy rosół. Wystarczy, że zalać wrzątkiem Gorący Kubek Knorr Rosół z kury z makaronem i z przyjemnością będziesz delektować się wyśmienitym smakiem ulubionej zupy. Niezbędnik chłodnych, zimowych i jesiennych wieczorów."}, {"header": "Składniki i alergeny", "content": "Składniki:makaron (36%) (mąkapszennasemolina, sól), syrop glukozowy, sól jodowana, skrobia, cukier, aromaty, sól, ekstrakt drożdżowy, tłuszcz palmowy, marchew (1,8%), tłuszcz kurzy (1%), kurkuma, pieprz, korzeń pietruszki, cebula, natka pietruszki (0,2%), mięso z kurczaka (0,2%), por, przeciwutleniacz: ekstrakty z rozmarynu. Może zawierać inne zboża zawierające gluten,seler,jaja,mleko,gorczycęisoję.Alergeny:Pszenica i produkty z pszenicyInne informacje o zawartości produktu:Zawiera surowce GMO:Nie, \n\nZawiera substancje konserwujące:Nie"}, {"header": "Wartość odżywcza", "content": "W 100 mlWartość energetyczna kcal20 kcalZawartość tłuszczów (ogólnie)0.5 gKwasy tłuszczowe nasycone0.1 gZawartość węglowodanów3.9 gCukry0.7 gZawartość błonnika0.5 gZawartość białek0.5 gZawartość soli0.85 g"}, {"header": "Przechowywanie i sposób przygotowania", "content": "Sposób przygotowania:1) Zawartość torebki wsyp do kubka.2) Zalej 200 ml wrzącej wody i wymieszaj."}, {"header": "Pozostałe informacje", "content": "Kraj pochodzenia:RumuniaKraj pochodzenia zależy od konkretnej partii produktu jaka znajduje się w sklepie. Informację o kraju pochodzenia znajdziesz na opakowaniu. Możesz również dodać komentarz z preferowanym typem produktu w koszyku lub wiadomości dla shoppera (np. “prosze o pomidory polskie”).Nazwa wymagana prawnie:Rosół z kury z makaronem."}], "images": ["data/images/d2942624f6b4b9a8e159c96ee69961e9.jpg"], "absolute_path": "Artykuły spożywcze/Produkty w proszku/Dania w proszku/Produkt 32"}
{"name": "Produkt 34", "url": "https://zakupy.biedronka.pl/culineo-culineo-goraca-chwila-pomidorowa-z-makaronem-19-g-0000005092.html", "title": "Culineo Gorąca Chwila Pomidorowa z makaronem 19 g", "brand": "Culineo", "price": "1.25 PLN", "packaging_details": "0.019kg- 113,64 zł / kg", "description_sections": [{"header": "Opis produktu", "content": "Nutriscore:C"}, {"header": "Składniki i alergeny", "content": "Składniki:Pomidory w proszku (33,8%), makaron instant (22,1&%); semolina zpszenicydurum; mąka kukurydziana, skrobia ziemniaczana, zabielacz: tłuszcz palmowy, maślanka, serwatka (zmleka), Śmietana: sól, aromaty, ekstrakty drożdżowe, cebula suszona mielona, zioła: bazylia, natka pietruszki (0,2%), oregano; koncentrat soku z marchwi w proszku, pieprz czarny mielony, regulator kwasowości: kwas cytrynowy. Produkt może zawierać:seler,sojęigorczycę.Alergeny:Mleko i produkty pochodne (łącznie z laktozą), \n\nZboża zawierajace gluten, \n\nPszenica i produkty z pszenicyInne informacje o zawartości produktu:Zawiera surowce GMO:Nie, \n\nPoziom znakowania Nutriscore:C"}, {"header": "Wartość odżywcza", "content": "W 100 mlWartość energetyczna kcal30 kcalZawartość tłuszczów (ogólnie)0.3 gKwasy tłuszczowe nasycone0.1 gZawartość węglowodanów5.3 gCukry1.8 gZawartość błonnika0.8 gZawartość białek1.1 gZawartość soli0.7 g"}, {"header": "Przechowywanie i sposób przygotowania", "content": "Sposób przygotowania:1) Zawartość saszetki wsypać do kubka.2) Zalać 200 ml wrzącej wody.3) Dokładnie wymieszać."}, {"header": "Pozostałe informacje", "content": "Producent:HANPOL FOOD Sp. z o.o. Sp. k.Dystrybutor:Jeronimo Martins Polska S.A.Żniwna 5 62-025 KostrzynImporter:Jeronimo Martins Polska S.A.Żniwna 5 62-025 Kostrzyn PLNazwa wymagana prawnie:Zupa instant. Pomidorowa z makaronem."}], "images": ["data/images/009d942c1c508c96aa53992609098545.jpg", "data/images/c569ecbc8fecec29ee8b0117e0d7e382.jpg"], "absolute_path": "Artykuły spożywcze/Produkty w proszku/Dania w proszku/Produkt 34"}
{"name": "Produkt 33", "url": "https://zakupy.biedronka.pl/knorr-knorr-goracy-kubek-barszcz-czerwony-14-g-0000017516.html", "title": "Knorr Gorący Kubek Barszcz czerwony 14 g", "brand": "Knorr", "price": "1.99 PLN", "packaging_details": "0.014kg- 142,14 zł / kg", "description_sections": [{"header": "Opis produktu", "content": "Knorr Gorący Kubek Barszcz czerwony, to zupa przygotowana według tradycyjnej receptury, oparta na burakach oraz przyprawach takich jak pieprz, majeranek czy czosnek. Jest to zupa szybka i bardzo prosta w przygotowaniu, więc idealna w podróży lub kiedy nie ma czasu na ugotowanie zwykłej zupy. Wystarczy tylko zalać wrzątkiem zawartość torebki. Doskonale sprawdzi się też w pracy jako przekąska. Dostarcza organizmowi potrzebnej do działania energii oraz rozgrzewa."}, {"header": "Składniki i alergeny", "content": "Składniki:cukier, maltodekstryna, sok z buraka (15%),sól jodowana, skrobia, fruktoza, czosnek (2%),ekstrakt drożdżowy,tłuszcz palmowy, kwas: kwas cytrynowy,majeranek,liść laurowy, sól, ziele angielskie,pieprz,Inne informacje o zawartości produktu:Zawiera surowce GMO:Nie, \n\nZawiera substancje konserwujące:Nie"}, {"header": "Wartość odżywcza", "content": "W 100 mlWartość energetyczna kcal25 kcalZawartość tłuszczów (ogólnie)0.5 gKwasy tłuszczowe nasycone0.1 gZawartość węglowodanów5.4 gCukry3.2 gZawartość błonnika0.5 gZawartość białek0.5 gZawartość soli0.71 g"}, {"header": "Przechowywanie i sposób przygotowania", "content": "Sposób przygotowania:1) Zawartość torebki wsyp do kubka.2) Zalej 200 ml wrzącej wody i wymieszaj."}, {"header": "Pozostałe informacje", "content": "Kraj pochodzenia:PolskaKraj pochodzenia zależy od konkretnej partii produktu jaka znajduje się w sklepie. Informację o kraju pochodzenia znajdziesz na opakowaniu. Możesz również dodać komentarz z preferowanym typem produktu w koszyku lub wiadomości dla shoppera (np. “prosze o pomidory polskie”).Nazwa wymagana prawnie:Barszcz czerwony."}], "images": ["data/images/72c001d5e0e363b71d10d3d3ddd7e0e5.jpg"], "absolute_path": "Artykuły spożywcze/Produkty w proszku/Dania w proszku/Produkt 33"}
{"name": "Produkt 35", "url": "https://zakupy.biedronka.pl/knorr-knorr-danie-makaron-carbonara-55-g-0000006287.html", "title": "Knorr Danie makaron carbonara 55 g", "brand": "Knorr", "price": "5.99 PLN", "packaging_details": "0.055kg- 113,02 zł / kg", "description_sections": [{"header": "Opis produktu", "content": "To z pewnością będzie miłość od pierwszego… kęsa! Pora na włoski romans z Daniem Knorr Makaron Carbonara. Kremowy makaron, pachnący boczek, cebula i szczypiorek – w tym smaku można się zakochać! Danie w mig na wyciągnięcie ręki! Danie Knorr Makaron Carbonara przygotujesz wszędzie, gdziekolwiek tylko zechcesz - zawsze pod ręką. Daj się skusić!"}, {"header": "Składniki i alergeny", "content": "Składniki:makaron (55%) (semolina zpszenicydurum, mąkapszenna), skrobia, odtłuszzonemlekow proszku,sertopiony (6%) [w tym: typu Blue, dojrzewający, crescenza; preparat serwatkowy (mleko)], olej słonecznikowy,śmietana(3%), wędzony boczek (2%) (boczek, sól), syrop glukozowy, aromaty (w tymmleko),laktoza, sól jodowana, mineralna sól potasowa, cukier, szczypiorek (0,8%), sól, wędzona słonina (0,4%) (słonina, sól), ekstrakt drożdżowy, cebula, kurkuma. Może zawieraćgorczycę,jaja,seler,sojęi inne zboża zawierające gluten."}, {"header": "Pozostałe informacje", "content": "Kraj pochodzenia:NiemcyKraj pochodzenia zależy od konkretnej partii produktu jaka znajduje się w sklepie. Informację o kraju pochodzenia znajdziesz na opakowaniu. Możesz również dodać komentarz z preferowanym typem produktu w koszyku lub wiadomości dla shoppera (np. “prosze o pomidory polskie”).Nazwa wymagana prawnie:Makaron z sosem śmietanowo-serowym z boczkiem"}], "images": ["data/images/25e473f32cacd71b4efa3dc9539ab792.jpg"], "absolute_path": "Artykuły spożywcze/Produkty w proszku/Dania w proszku/Produkt 35"}
{"name": "Produkt 41", "url": "https://zakupy.biedronka.pl/amino-amino-zupa-blyskawiczna-barszcz-czerwony-z-majerankiem-66-g-0000000019.html", "title": "Amino Zupa błyskawiczna barszcz czerwony z majerankiem 66 g", "brand": "Amino", "price": "2.49 PLN", "packaging_details": "0.066kg- 37,73 zł / kg", "description_sections": [{"header": "Opis produktu", "content": "Też czasem masz ochotę w środku zabieganego dnia usiąść na chwilę i zjeść coś dobrego? Zupa błyskawiczna Amino to doskonały sposób na zabicie małego głodu i nakarmienie kubków smakowych smakiem tradycyjnej, polskiej kuchni jak u babci. Barszcz czerwony nie tylko na Wigilię! Już dziś spróbuj nowego, udoskonalonego barszczu czerwonego z dodatkiem aromatycznego majeranku od Amino. Uczta dla zmysłów! Tradycyjny smak zupy podkreśla dodatek majeranku , a sok z czerwonych buraków gwarantuje jej intensywną barwę. O sytość Twojego żołądka zadbają przepyszne kluski. Nie musisz martwić się składnikami: danie instant od Amino to przekąska bez konserwantów i sztucznych barwników. Za głęboki i intensywny kolor zupy odpowiada sok z buraków. Wszystkie Zupki Amino są teraz dostepne w nowej wersji, z nudlami smażonym w oleju słonecznikowym. Dzięki zastosowaniu olej słonecznikowego obniżyliśmy o ponad 30% zawartość nasyconych kwasów tłuszczowych. Co więcej, danie nie wymaga długich przygotowań. Zupę zrobisz błyskawicznie – wystarczy Ci jedynie 5 minut! Zagotuj wodę, zalej nią makaron i proszek, odczekaj od 3 do 5 minut i gotowe! Zupa świetnie się sprawdzi jako szybka przekąska pomiędzy zajęciami domowymi, jak i danie instant, które bez problemu przygotujesz podczas przerwy w pracy, gdzie do dyspozycji masz tylko kubek i czajnik na wodę. Od dziś, szykując się do pracy, nie zapomnij do torby wrzucić zupy błyskawicznej i bądź zawsze przygotowany na zabicie małego głodu! Czekają na Ciebie także inne smaki zup błyskawicznych Amino: pomidorowa z dodatkiem pomidorów i natki pietruszki, ogórkowa z koperkiem, czy kurkowa."}, {"header": "Składniki i alergeny", "content": "Składniki:kluski (80 %): mąkapszenna, olej słonecznikowy (17 %), skrobia modyfikowana, sól, cukier, olej rzepakowy, ekstrakt kurkumy,mieszanka smakowa (20 %): cukier, maltodektryna, sok z czerwonego buraka w proszku (13,8 %), sól jodowana, wzmacniacze smaku: glutaminian monosodowy, inozynian disodowy, guanylan disodowy; mineralna sól potasowa, kwas: kwas cytrynowy; majeranek¹ (0,9 %), pieprz (0,7 %), czosnek¹ (0,6 %), sól, aromat dymu wędzarniczego, aromaty,¹Uprawiane w sposób zrównoważonyAlergeny:Może zawierać Jęczmień, \n\nMoże zawierać Seler, \n\nMoże zawierać Jaja, \n\nMoże zawierać Łubin, \n\nMoże zawierać Mleko, \n\nMoże zawierać Gorczyca, \n\nMoże zawierać Owies, \n\nMoże zawierać Żyto, \n\nMoże zawierać Soja, \n\nZawiera PszenicaInne informacje o zawartości produktu:Barwniki:Nie zawiera, \n\nWzmacniacze smaku:Zawiera, \n\nSmaki / Aromaty:Zawiera, \n\nMSG (glutaminian):Zawiera, \n\nkonserwanty:Nie zawiera"}, {"header": "Przechowywanie i sposób przygotowania", "content": "Sposób podania:Sposób przygotowania:Kluski i zawartość saszetki wrzuć do naczynia.Zalej 400 ml (2 niepełne szklanki) gorącej wody.Dokładnie wymieszaj. Odstaw na 3-5 minut."}, {"header": "Pozostałe informacje", "content": "Kraj pochodzenia:PolskaKraj pochodzenia zależy od konkretnej partii produktu jaka znajduje się w sklepie. Informację o kraju pochodzenia znajdziesz na opakowaniu. Możesz również dodać komentarz z preferowanym typem produktu w koszyku lub wiadomości dla shoppera (np. “prosze o pomidory polskie”).Producent:Unilever Polska Sp. z o.o.\nAl. Jerozolimskie 134\n02-305 Warszawa\nPolska\nInfolinia 801 109 387\ncałkowity koszt połączenia: 1 impuls według taryfy operatoraNazwa wymagana prawnie:Barszcz czerwony z majerankiem zupa błyskawiczna."}], "images": ["data/images/da6022852af4dcceed21c92fe973e938.jpg"], "absolute_path": "Artykuły spożywcze/Produkty w proszku/Dania w proszku/Produkt 41"}
{"name": "Produkt 37", "url": "https://zakupy.biedronka.pl/winiary-winiary-pomysl-na...-garnek-chlopski-40-g-0000016021.html", "title": "Winiary Pomysł na... Garnek chłopski 40 g", "brand": "Winiary", "price": "3.99 PLN", "packaging_details": "0.04kg- 99,75 zł / kg", "description_sections": [{"header": "Opis produktu", "content": "Ten produkt powstał z suszonych składników. Suszenie pozwala w naturalny sposób zachować na dłużej smak i aromat warzyw oraz ziół zebranych w szczycie sezonu.Subrand:Pomysł na..."}, {"header": "Składniki i alergeny", "content": "Składniki:suszone warzywa 33,6 % (czerwona papryka* 14,1 %, cebula*, czosnek*, chrzan*),skrobia ziemniaczana*,mąkapszenna*,sól,aromaty (z pszenicą),zioła 4,8 % (majeranek*, liść pietruszki*, tymianek*, bazylia*),przyprawy 3,4 % (kminek*, pieprz czarny*, liść laurowy*, nasiona kolendry*, papryka chili*),cukier*,wędzony tłuszcz wieprzowy*,kwas (kwas cytrynowy),*naturalne składnikiAlergeny:Może zawierać Seler, \n\nMoże zawierać Jaja, \n\nMoże zawierać Mleko, \n\nMoże zawierać Gorczyca, \n\nMoże zawierać Soja, \n\nZawiera Pszenica"}, {"header": "Pozostałe informacje", "content": "Producent:Nestlé Polska S.A.\nul. Domaniewska 32\n02-672 Warszawa\nPorozmawiajmy\n800 174 902\nwww.winiary.plNazwa wymagana prawnie:Kompozycja do przygotowania dania Chłopski garnek."}], "images": ["data/images/2805a5babe971a17dc8bee6ca8bbe29b.jpg"], "absolute_path": "Artykuły spożywcze/Produkty w proszku/Dania w proszku/Produkt 37"}
{"name": "Produkt 39", "url": "https://zakupy.biedronka.pl/winiary-winiary-zupa-jarzynowa-48-g-0000007764.html", "title": "Winiary Zupa jarzynowa 48 g", "brand": "Winiary", "price": "2.99 PLN", "packaging_details": "0.048kg- 50,68 zł / kg", "description_sections": [{"header": "Opis produktu", "content": "Zupa jarzynowa to idealna propozycja na tradycyjny domowy obiad dla całej rodziny i doskonały sposób na przemycenie różnorodnych warzyw. W Zupie jarzynowej Nasza specjalność Winiary znajdziesz składniki, które znasz ze swojej kuchni: suszone warzywa takie, jak marchew, cebulę, seler, pasternak, ziemniaki, a także przyprawy i natkę pietruszki. Idealnie skomponowana receptura będzie doskonałą bazą dla Twojej jarzynowej. Smacznego!"}, {"header": "Składniki i alergeny", "content": "Składniki:mąkapszenna, mąka ryżowa, suszone warzywa 19,4% (ziemniak, marchew 5,0%, korzeńselera, cebula, por 1,6%, pasternak 1,0%, czosnek, korzeń pietruszki), sól, pełnemlekow proszku, tłuszcz drobiowy, aromaty (z selerem), ekstrakt drożdży, liść pietruszki, cukier, przyprawy. Może zawierać:jaja,soję,gorczycę.Alergeny:Seler i produkty pochodne, \n\nMleko i produkty pochodne (łącznie z laktozą), \n\nZboża zawierajace gluten, \n\nPszenica i produkty z pszenicyInne informacje o zawartości produktu:Zawiera surowce GMO:Nie"}, {"header": "Wartość odżywcza", "content": "W 100 mlWartość energetyczna kcal22 kcalZawartość tłuszczów (ogólnie)0.4 gKwasy tłuszczowe nasycone0.2 gZawartość węglowodanów3.8 gCukry0.5 gZawartość błonnika0.3 gZawartość białek0.7 gZawartość soli0.65 g"}, {"header": "Przechowywanie i sposób przygotowania", "content": "Sposób przygotowania:Do gotowania"}, {"header": "Pozostałe informacje", "content": "Kraj pochodzenia:PolskaKraj pochodzenia zależy od konkretnej partii produktu jaka znajduje się w sklepie. Informację o kraju pochodzenia znajdziesz na opakowaniu. Możesz również dodać komentarz z preferowanym typem produktu w koszyku lub wiadomości dla shoppera (np. “prosze o pomidory polskie”).Producent:Nestlé Polska S.A.\nul. Domaniewska 32\n02-672 Warszawa\nPorozmawiajmy\n800 174 902\nwww.winiary.plDystrybutor:Nestle Polska S.ADomaniewska 32 02-672 Warszawacs@pl.nestle.comNazwa wymagana prawnie:Zupa jarzynowa"}], "images": ["data/images/ee99352a387d7e804332e04059abd453.jpg"], "absolute_path": "Artykuły spożywcze/Produkty w proszku/Dania w proszku/Produkt 39"}
{"name": "Produkt 38", "url": "https://zakupy.biedronka.pl/amino-amino-zupa-blyskawiczna-rosol-z-wloszczyzna-i-natka-pietruszki-59-g-0000000027.html", "title": "Amino Zupa błyskawiczna rosół z włoszczyzną i natką pietruszki 59 g", "brand": "Amino", "price": "2.49 PLN", "packaging_details": "0.059kg- 37,73 zł / kg", "description_sections": [{"header": "Opis produktu", "content": "Rosół zarówno na co dzień, jak i od święta? Wypróbuj Rosół z włoszczyzną i natką pietruszki od Amino. Smakuje, syci, rozgrzewa. Tradycyjny smak to zasługa włoszczyzny – duże kawałki marchewki, aromatyczna cebula, korzeń pietruszki i lubczyku, por oraz natka pietruszki nadają zupie wyrazistego i domowego charakteru. Ulepszona kompozycja zawiera znacznie mniej soli. Ponadto wzbogacenie rosołu o nowe, lepsze kluski sprawi, że będzie pysznie jak u mamy. Już dziś sięgnij po Rosół z włoszczyzną i natką pietruszki od Amino!"}, {"header": "Składniki i alergeny", "content": "Składniki:kluski (88%): mąkapszenna, tłuszcz palmowy, sól, skrobia modyfikowana, cukier, olej rzepakowy, ekstrakt z kurkumy, Mieszanka smakowa (12%): sól, wzmacniacze smaku: glutaminian monosodowy, inozynian disodowy i guanylan disodowy; mineralna sól potasowa, skrobia, aromaty, cukier, marchew*** (6,3%), kurkuma*** (3,1%), mięso kurze suszone (2%), cebula*** (1,7%), natka pietruszki***, kwas: kwas cytrynowy; por*** (1,3%), tłuszcz palmowy, tłuszcz kurzy (0,9%), korzeń pietruszki*** (0,6%), syrop karmelowy, maltodekstryna, nasionaselera, korzeń lubczyka***, przeciwutleniacz: wyciągi z rozmarynu,***Uprawiane w sposób zrównoważonyAlergeny:Seler i produkty pochodne, \n\nZboża zawierajace glutenInne informacje o zawartości produktu:Zawiera surowce GMO:Nie"}, {"header": "Wartość odżywcza", "content": "W 100 mlWartość energetyczna kcal77 kcalZawartość tłuszczów (ogólnie)3.5 gKwasy tłuszczowe nasycone1.7 gZawartość węglowodanów9.5 gCukry0.5 gZawartość białek1.4 gZawartość soli0.93 g"}, {"header": "Przechowywanie i sposób przygotowania", "content": "Sposób przygotowania:Do gotowania"}, {"header": "Pozostałe informacje", "content": "Kraj pochodzenia:PolskaKraj pochodzenia zależy od konkretnej partii produktu jaka znajduje się w sklepie. Informację o kraju pochodzenia znajdziesz na opakowaniu. Możesz również dodać komentarz z preferowanym typem produktu w koszyku lub wiadomości dla shoppera (np. “prosze o pomidory polskie”).Dystrybutor:Unilever Polska Sp. z o.o.Al. Jerozolimskie 134 02-305 Warszawainfolinia.pl@unilever.comNazwa wymagana prawnie:Amino Zupa błyskawiczna rosół z włoszczyzną i natką pietruszki 59 g"}], "images": ["data/images/1e9b84389bc6c6bcd3ab915c979dbc83.jpg", "data/images/5eb6cd72d478d23226b17eaaac0c4145.jpg"], "absolute_path": "Artykuły spożywcze/Produkty w proszku/Dania w proszku/Produkt 38"}
{"name": "Produkt 40", "url": "https://zakupy.biedronka.pl/knorr-knorr-danie-makaron-smietana-z-ziolami-59-g-0000006288.html", "title": "Knorr Danie makaron śmietana z ziołami 59 g", "brand": "Knorr", "price": "5.99 PLN", "packaging_details": "0.059kg- 113,02 zł / kg", "description_sections": [{"header": "Opis produktu", "content": "Potrzebujesz wrzucić coś ciepłego na ruszt? Spróbuj pysznego Knorr Makaronu o smaku delikatnej śmietany i aromatycznych ziół. Szybkie w przyrządzeniu – wystarczy zalać gorącą wodą, odczekać 5 minut i gotowe. Możesz pożegnać swój głód i cieszyć się wspaniałym smakiem gdzie tylko chcesz i kiedy tylko chcesz"}, {"header": "Składniki i alergeny", "content": "Składniki:makaron (61%) (semolina z PSZENICY durum, mąka PSZENNA), skrobia,śmietana(5,5%), olej słonecznikowy, koncentrat pomidorowy (4,5%),sertopiony (3%) [w tym mozzarella; preparat serwatkowy (mleko)], syrop glukozowy, aromaty (w tympszenica),laktoza, sól jodowana, sól, białkamleka, natka pietruszki, bazylia, cebula, pieprz, kurkuma, korzeń pietruszki, mineralna sól potasowa, ekstrakt drożdżowy. Może zawieraćgorczycę,jaja,seler,sojęi inne zboża zawierające gluten."}, {"header": "Pozostałe informacje", "content": "Kraj pochodzenia:NiemcyKraj pochodzenia zależy od konkretnej partii produktu jaka znajduje się w sklepie. Informację o kraju pochodzenia znajdziesz na opakowaniu. Możesz również dodać komentarz z preferowanym typem produktu w koszyku lub wiadomości dla shoppera (np. “prosze o pomidory polskie”).Nazwa wymagana prawnie:Makaron z sosem śmietanowo-ziołowym."}], "images": ["data/images/965be5a7f19cc0d30bd244b062b88b71.jpg"], "absolute_path": "Artykuły spożywcze/Produkty w proszku/Dania w proszku/Produkt 40"}
{"name": "Produkt 43", "url": "https://zakupy.biedronka.pl/knorr-knorr-nudle-zupa-danie-ser-w-ziolach-61-g-0000009748.html", "title": "Knorr Nudle Zupa danie ser w ziołach 61 g", "brand": "Knorr", "price": "2.89 PLN", "packaging_details": "0.061kg- 47,38 zł / kg", "description_sections": [{"header": "Opis produktu", "content": "Dobrze pasuje do kanapki, ma się nieźle na pizzy, smacznie dopełnia zapiekanki. Ale ser mozarella najlepiej czuje się w ziołach i z kluskami. Doprawiony czosnkiem, szczypiorkiem i tymiankiem pachnie tak, że Nudle Knorr Ser w ziołach dorobiły się już pokaźnej rzeszy fanów i uwiodły już niejednego smakosza.Ten makaron został przygotowany według receptury czerpiącej z chińskich zwyczajów kulinarnych, według których nudle to jedno z najpopularniejszych dań mieszkańców tego azjatyckiego państwa. Nie bez powodu przekąska ta znana jest jako zupka chińska.Bazą makaronu Knorr jest kremowy ser topiony i uwielbiana przez wszystkich mozarella. Tę pyszną mieszankę dopełniają delikatne kluski i aromatyczne przyprawy i zioła: kurkuma, czosnek, szczypiorek i tymianek. W składzie znajdziesz same wyjątkowe składniki wysokiej jakości, nie znajdziesz za to barwników ani konserwantów, które sztucznie poprawiają smak i wygląd potraw.Makaron Knorr jest nie tylko pyszny, ale i szybki oraz prosty w przygotowaniu. Idealnie sprawdzi się jako szybkie danie na ciepło w podróży, w pracy czy na uczelni. Krótko mówiąc: na jego bogaty smak możesz liczyć zawsze wtedy, gdy się spieszysz i doskwiera Ci głód.Jego przygotowanie zajmie dosłownie chwilę. Wystarczy wrzucić kluski i zawartość saszetki do miski, zalać 350 ml gorącej wody, wymieszać i odczekać 3-5 minut. Jeśli marzy Ci się zupa z makaronem, po prostu pokrusz nudle przed zalaniem ich wodą.Jeśli Nudle Knorr Ser w ziołach zadowolił Twoje kubki smakowe, koniecznie skosztuj także innych propozycji Knorr. Może do gustu przypadnie Ci jakaś zupa albo inne szybkie danie obiadowe? Smacznego!Subrand:Nudle"}, {"header": "Składniki i alergeny", "content": "Składniki:kluski (85 %): mąkapszenna, olej słonecznikowy (17 %), sól, skrobia modyfikowana, cukier, olej rzepakowy, ekstrakt kurkumy,mix przyprawowy (15 %):sertopiony (26 %) [ser, preparat serwatkowy (zmleka)], tłuszcz palmowy, sól, cukier, wzmacniacze smaku: glutaminian monosodowy, inozynian disodowy, guanylan diodowy; aromaty (w tymmleko), suszony syrop glukozowy, hydrolizowane białko roślinne, mineralna sól potasowa, skrobia, białkamleka, kurkuma, czosnek¹ (1,4 %), szczypiorek¹ (0,4 %), kwas: kwas cytrynowy; tymianek¹,¹Uprawiane w sposób zrównoważony"}, {"header": "Przechowywanie i sposób przygotowania", "content": "Sposób podania:Sposób przygotowania:1. Kluski i zawartość saszetki wrzuć do naczynia.2. Zalej 350 ml (1,5 szklanki) gorącej wody, wymieszaj i zostaw na 3-5 minut.3. Gotowe!Smacznego!Masz ochotę na danie?Masz ochotę na danie? Pokrusz kluski i wrzuć do naczynia. Zalej wrzącą wodą. Odczekaj 3-5 minut. Odcedź. Wrzuć zawartość torebki smakowej i dokładnie wymieszaj. Możesz już wbijać widelec.Dla mega przyjemnościDodaj garść chipsów nachos"}, {"header": "Pozostałe informacje", "content": "Nazwa wymagana prawnie:Zupa-danie o smaku sera w ziołach."}], "images": ["data/images/0cd28c1f25e7139fb048de8381ac4ac6.jpg"], "absolute_path": "Artykuły spożywcze/Produkty w proszku/Dania w proszku/Produkt 43"}
{"name": "Produkt 46", "url": "https://zakupy.biedronka.pl/knorr-knorr-danie-puree-ser-z-brokulami-50-g-0000005107.html", "title": "Knorr Danie Puree ser z Brokułami 50 g", "brand": "Knorr", "price": "5.99 PLN", "packaging_details": "0.05kg- 96,61 zł / kg", "description_sections": [{"header": "Opis produktu", "content": "Puree ziemniaczane serowe z brokułami i śmietaną."}, {"header": "Składniki i alergeny", "content": "Składniki:ziemniaki (59%),olej słonecznikowy, SER topiony (7,5%) [SER, preparat serwatkowy (MLEKO)], ŚMIETANA (6%), LAKTOZA, cebula, brokuły (2%), sól jodowana, tłuszcz palmowy, aromaty, białka MLEKA, czosnek, pieprz, kurkuma, sól, maltodekstryna, emulgator: mono- i diglicerydy kwasów tłuszczowych; skrobia. Może zawieraćjaja,seleri zboża (gluten)."}, {"header": "Pozostałe informacje", "content": "Kraj pochodzenia:NiemcyKraj pochodzenia zależy od konkretnej partii produktu jaka znajduje się w sklepie. Informację o kraju pochodzenia znajdziesz na opakowaniu. Możesz również dodać komentarz z preferowanym typem produktu w koszyku lub wiadomości dla shoppera (np. “prosze o pomidory polskie”).Dystrybutor:Jeronimo Martins Polska S.A.Żniwna 5 62-025 Kostrzyn PLImporter:Jeronimo Martins Polska S.A.Żniwna 5 62-025 Kostrzyn PLNazwa wymagana prawnie:Puree ziemniaczane serowe z brokułami i śmietaną."}], "images": ["data/images/8bbbac4a9b896a339e6d8a6c4431f8a3.jpg"], "absolute_path": "Artykuły spożywcze/Produkty w proszku/Dania w proszku/Produkt 46"}
{"name": "Produkt 45", "url": "https://zakupy.biedronka.pl/oyakata-oyakata-zupa-instant-miso-ramen-89-g-0000008855.html", "title": "Oyakata Zupa instant Miso Ramen 89 g", "brand": "Oyakata", "price": "3.99 PLN", "packaging_details": "0.089kg- 48,07 zł / kg", "description_sections": [{"header": "Składniki i alergeny", "content": "Składniki:makaron instant typu noodle (82%): mąkapszenna, olej palmowy, skrobia modyfikowana, sól, substancje spulchniające (węglany sodu, węglany potasu),mieszanka smakowa (18%): pasta sojowa miso w proszku (25%) (soja, ryż, sól,jęczmień), wzmacniacze smaku: E621, E635; maltodekstryna,laktozazmleka, sól, sossojowyw proszku (soja,pszenica, maltodekstryna, sól), cukier, czosnek mielony, ekstrakt z kości wieprzowych w proszku, ekstrakt z kurczaka w proszku (ekstrakt z kurczaka, maltodekstryna, sól), hydrolizowane białko kukurydziane (hydrolizowane białko kukurydziane, sól), imbir mielony, czarny pieprz, olej palmowy, szczypior suszony, cukier karmelizowany, chiliAlergeny:Zawiera Jęczmień, \n\nMoże zawierać Seler, \n\nMoże zawierać Skorupiaki, \n\nMoże zawierać Jaja, \n\nMoże zawierać Ryba, \n\nZawiera Mleko, \n\nMoże zawierać Mięczaki, \n\nMoże zawierać Gorczyca, \n\nMoże zawierać Sezam, \n\nZawiera Soja, \n\nMoże zawierać Dwutlenek siarki / siarczyny, \n\nZawiera Pszenica"}, {"header": "Wartość odżywcza", "content": "Wartość energetyczna0 kcalTłuszcz0 gw tym kwasy tłuszczowe nasycone0 gWęglowodany0 gw tym cukry0 gBiałko0 gSól0 g"}, {"header": "Przechowywanie i sposób przygotowania", "content": "Sposób podania:Sposób przygotowania:Pokrusz makaron, wsyp do miski i dodaj przyprawy z saszetki. Zalej 450 ml wrzącej wody. Przykryj i pozostaw na 3 minuty. Wymieszaj i gotowe!"}, {"header": "Pozostałe informacje", "content": "Kraj pochodzenia:Produkt UEKraj pochodzenia zależy od konkretnej partii produktu jaka znajduje się w sklepie. Informację o kraju pochodzenia znajdziesz na opakowaniu. Możesz również dodać komentarz z preferowanym typem produktu w koszyku lub wiadomości dla shoppera (np. “prosze o pomidory polskie”).Producent:Ajinomoto Poland Sp. z o.o.\nul. Klimczaka 1\n02-797 Warszawa\nwww.ajinomoto.com.pl\nwww.oyakata.com.plDystrybutor:Ajinomoto Poland Sp. z o.o.ul. Klimczaka 1 02-797  WarszawaNazwa wymagana prawnie:OYAKATA Miso Ramen Zupa instant 89 g"}], "images": ["data/images/d78ff727c05ed97f5c49ff3a4dc6c139.jpg"], "absolute_path": "Artykuły spożywcze/Produkty w proszku/Dania w proszku/Produkt 45"}
{"name": "Produkt 42", "url": "https://zakupy.biedronka.pl/culineo-culineo-goraca-chwila-rosol-z-kury-z-makaronem-12-g-0000005089.html", "title": "Culineo Gorąca Chwila Rosół z kury z makaronem 12 g", "brand": "Culineo", "price": "1.25 PLN", "packaging_details": "0.012kg- 113,64 zł / kg", "description_sections": [{"header": "Opis produktu", "content": "Nutriscore:C"}, {"header": "Składniki i alergeny", "content": "Składniki:Makaron instant (39,4%: semolina zpszenicydurum; maltodekstryna, sól, aromaty, ekstrakty drożdżowe, marchew (2,5%), tłuszcz palmowy, tłuszcz kurzy (1,1%), cebula suszona mielona (0,7%), przyprawy, natka pietruszki (0,6%), gotowane mięso z kury (0,4%), cebula prażona w proszku (0,2%), suszony koncentrat czosnku. Produkt może zawierać:mleko(łącznie z laktozą),seler,sojęigorczycę.Alergeny:Zboża zawierajace gluten, \n\nPszenica i produkty z pszenicyInne informacje o zawartości produktu:Zawiera surowce GMO:Nie, \n\nPoziom znakowania Nutriscore:C"}, {"header": "Wartość odżywcza", "content": "W 100 mlWartość energetyczna kcal20 kcalZawartość tłuszczów (ogólnie)0.2 gKwasy tłuszczowe nasycone0.1 gZawartość węglowodanów3.7 gCukry0.3 gZawartość błonnika0.3 gZawartość białek0.7 gZawartość soli1 g"}, {"header": "Przechowywanie i sposób przygotowania", "content": "Sposób przygotowania:1. Zawartość saszetki wsypać do kubka.2) Zalać 200 ml wrzącej wody.3) Dokładnie wymieszać."}, {"header": "Pozostałe informacje", "content": "Producent:HANPOL FOOD Sp. z o.o. Sp. k.Dystrybutor:Jeronimo Martins Polska S.A.Żniwna 5 62-025 KostrzynImporter:Jeronimo Martins Polska S.A.Żniwna 5 62-025 Kostrzyn PLNazwa wymagana prawnie:Zupa instant. Rosół z kury z makaronem."}], "images": ["data/images/55f7473de3a8f24d1342d4b6af2517a1.jpg", "data/images/b6a4f3aa0034e8be4be1d19e415cd974.jpg"], "absolute_path": "Artykuły spożywcze/Produkty w proszku/Dania w proszku/Produkt 42"}
{"name": "Produkt 44", "url": "https://zakupy.biedronka.pl/winiary-winiary-pomysl-na...-soczysty-kurczak-z-papryka-i-ziolami-28-g-0000016042.html", "title": "Winiary Pomysł na... Soczysty kurczak z papryką i ziołami 28 g", "brand": "Winiary", "price": "3.99 PLN", "packaging_details": "0.028kg- 142,50 zł / kg", "description_sections": [{"header": "Opis produktu", "content": "Winiary Pomysł Na… Soczystego kurczaka z papryką i ziołami to propozycja na niebanalny i smaczny obiad. Dołączony woreczek sprawi, że przygotowywane mięso jest niezwykle kruche i soczyste. Dodatkowo idealnie doprawione danie przygotujesz jedynie w 60 minut!Wystarczy do dołączonego woreczka wrzucić pałeczki kurczaka, dodać Pomysł na… i włożyć do piekarnika. Soczysty kurczak w połączeniu z ulubionymi dodatkami i świeżymi warzywami będzie wartościowym posiłkiem dla całej rodziny.Co wyróżnia Winiary Pomysł Na… Soczystego kurczaka z papryką i ziołami:- Woreczek, który sprawi, że mięso jest kruche i soczyste- Smaczne i idealnie przyprawione danie w 60 minut- Mięso przygotowane w intensywnie aromatycznych przyprawach i ziołach- Doskonała soczystość i doprawienie gwarantowane przez Winiary- Idealny sposób na urozmaicenie codziennego menu"}, {"header": "Składniki i alergeny", "content": "Składniki:suszone warzywa 53,4% (czerwona papryka* 17,7%, ziemniak, cebula*, pomidor), skrobia kukurydziana*, sól, cukier*, zioła 4,0% (liść pietruszki*, majeranek*, bazylia*, tymianek*), przyprawy (nasiona kolendry*, pieprz czarny*, imbir*, papryka chili*), zagęszczony sok z buraka*, olej palmowy, zagęszczony sok z cytryny*, aromat. Może zawierać: gluten,jaja,soję,mleko,seler,gorczycę. *naturalne składnikiInne informacje o zawartości produktu:Zawiera surowce GMO:Nie, \n\nZawiera olej palmowy:Tak"}, {"header": "Wartość odżywcza", "content": "W 100 gWartość energetyczna kcal107 kcalZawartość tłuszczów (ogólnie)6.4 gKwasy tłuszczowe nasycone1.8 gZawartość węglowodanów1.4 gCukry0.5 gZawartość błonnika0.3 gZawartość białek10.7 gZawartość soli0.48 g"}, {"header": "Przechowywanie i sposób przygotowania", "content": "Sposób przygotowania:Piekarnik"}, {"header": "Pozostałe informacje", "content": "Kraj pochodzenia:PolskaKraj pochodzenia zależy od konkretnej partii produktu jaka znajduje się w sklepie. Informację o kraju pochodzenia znajdziesz na opakowaniu. Możesz również dodać komentarz z preferowanym typem produktu w koszyku lub wiadomości dla shoppera (np. “prosze o pomidory polskie”).Producent:Nestlé Polska S.A.\nul. Domaniewska 32\n02-672 Warszawa\nPorozmawiajmy\n800 16 16 66\nwww.winiary.plImporter:Nestle Polska S.ADomaniewska 32 02-672 Warszawa PLcs@pl.nestle.comNazwa wymagana prawnie:Kompozycja do przygotowania dania: Soczysty kurczak z papryką i ziołami."}], "images": ["data/images/36c945fd001cfdb48e22ce9b9611ac65.jpg"], "absolute_path": "Artykuły spożywcze/Produkty w proszku/Dania w proszku/Produkt 44"}
{"name": "Produkt 49", "url": "https://zakupy.biedronka.pl/winiary-winiary-barszcz-bialy-66-g-0000007766.html", "title": "Winiary Barszcz biały 66 g", "brand": "Winiary", "price": "2.99 PLN", "packaging_details": "0.066kg- 45,30 zł / kg", "description_sections": [{"header": "Opis produktu", "content": "Winiary Barszcz biały Nasza Specjalność to tradycyjnie polska zupa o lekko kremowej konsystencji, kwaskowatym smaku, z dodatkiem przypraw takich jak majeranek, czosnek i cebula.Barszczu białego nie może zabraknąć na wielkanocnym stole, doskonale sprawdza się też jako łatwa do przyrządzenia, pożywna i rozgrzewająca zupa na co dzień. Świetnie smakuje podawany z różnymi dodatkami, takimi jak jajka, kiełbasa, purée ziemniaczane z chrzanem czy kabanosy. Można go jeść na okrągło!W Winiary dbamy o to, co ważne - dobre składniki w naszych produktach. Dlatego Barszcz biały Nasza Specjalność zawiera mąkę z polskich zbóż oraz polski czosnek, cebulę i majeranek.Winiary Barszcz biały Nasza Specjalność:- To zrównoważony, kwaskowy smak i lekko kremowa konsystencja- Powstaje ze zbóż, cebuli, czosnku i majeranku uprawianych w Polsce- Świetnie smakuje z różnymi dodatkami, np. jajkami, puree ziemniaczanym, kabanosami, dzięki czemu można go jeść na okrągło!"}, {"header": "Składniki i alergeny", "content": "Składniki:mąkapszenna44,6%, odtłuszczonemlekow proszku, sól, skrobia ziemniaczana, cukier, wędzony tłuszcz wieprzowy, kwas (kwas cytrynowy), aromaty (z pszenicą), suszone warzywa 0,9% (cebula, czosnek), majeranek, skrobia kukurydziana, pieprz czarny, aromat dymu wędzarniczego. Może zawierać:jaja,soję,seler,gorczycę.Alergeny:Mleko i produkty pochodne (łącznie z laktozą), \n\nZboża zawierajace gluten, \n\nPszenica i produkty z pszenicyInne informacje o zawartości produktu:Zawiera surowce GMO:Nie"}, {"header": "Wartość odżywcza", "content": "W 100 mlWartość energetyczna kcal22 kcalZawartość tłuszczów (ogólnie)0.2 gKwasy tłuszczowe nasycone0.1 gZawartość węglowodanów3.8 gCukry1.2 gZawartość błonnika0.1 gZawartość białek1.1 gZawartość soli0.66 g"}, {"header": "Przechowywanie i sposób przygotowania", "content": "Sposób przygotowania:Do gotowania"}, {"header": "Pozostałe informacje", "content": "Kraj pochodzenia:PolskaKraj pochodzenia zależy od konkretnej partii produktu jaka znajduje się w sklepie. Informację o kraju pochodzenia znajdziesz na opakowaniu. Możesz również dodać komentarz z preferowanym typem produktu w koszyku lub wiadomości dla shoppera (np. “prosze o pomidory polskie”).Producent:Nestlé Polska S.A.\nul. Domaniewska 32\n02-672 Warszawa\nPorozmawiajmy\n800 174 902\nwww.winiary.plDystrybutor:Nestle Polska S.ADomaniewska 32 02-672 Warszawacs@pl.nestle.comNazwa wymagana prawnie:Barszcz biały"}], "images": ["data/images/0ec8cd08156ec8a73acbb0bda890be9f.jpg"], "absolute_path": "Artykuły spożywcze/Produkty w proszku/Dania w proszku/Produkt 49"}
{"name": "Produkt 50", "url": "https://zakupy.biedronka.pl/knorr-knorr-danie-makaron-bolonski-60-g-0000006289.html", "title": "Knorr Danie makaron boloński 60 g", "brand": "Knorr", "price": "5.99 PLN", "packaging_details": "0.06kg- 113,02 zł / kg", "description_sections": [{"header": "Opis produktu", "content": "Głód nie pozwala Ci dalej działać? Prawdziwym wybawieniem okaże się Makaron z sosem bolońskim. Szybkie i smaczne danie zawsze pod ręką. Zalej gorącą wodą i ciesz się smakiem włoskiego sosu bolognese."}, {"header": "Składniki i alergeny", "content": "Składniki:makaron (66%)(semolina z PSZENICY durum, mąka PSZENNA), koncentrat pomidorowy (10%), tłuszcz palmowy, cebula (4%), mięso wołowe(1%), ekstrakt drożdżowy, aromaty, sok z marchwi w proszku (1%), pomidory (1%), SELER, cukier, sól, mineralna sól potasowa, marchew (0,5%), natka pietruszki (0,2%), oregano (0,1%),sól jodowana, czosnek, pieprz, czerwona papryka, maltodekstryna, białko JAJA. Może zawieraćgorczycę,mleko,sezam,sojęi inne zboża zawierające gluten."}, {"header": "Pozostałe informacje", "content": "Kraj pochodzenia:NiemcyKraj pochodzenia zależy od konkretnej partii produktu jaka znajduje się w sklepie. Informację o kraju pochodzenia znajdziesz na opakowaniu. Możesz również dodać komentarz z preferowanym typem produktu w koszyku lub wiadomości dla shoppera (np. “prosze o pomidory polskie”).Nazwa wymagana prawnie:Makaron z sosem bolońskim."}], "images": ["data/images/61ca2cc7ded3b2efe0e12088b2445ac6.jpg"], "absolute_path": "Artykuły spożywcze/Produkty w proszku/Dania w proszku/Produkt 50"}
{"name": "Produkt 48", "url": "https://zakupy.biedronka.pl/amino-amino-zupa-blyskawiczna-gulaszowa-z-wieprzowina-i-papryka-59-g-0000016448.html", "title": "Amino Zupa błyskawiczna gulaszowa z wieprzowiną i papryką 59 g", "brand": "Amino", "price": "2.49 PLN", "packaging_details": "0.059kg- 37,73 zł / kg", "description_sections": [{"header": "Składniki i alergeny", "content": "Składniki:kluski (88 %): mąkapszenna, olej słonecznikowy (17 %), skrobia modyfikowana, sól, cukier, olej rzepakowy, ekstrakt kurkumy,mieszanka smakowa (12 %): sól jodowana, wzmacniacze smaku: glutaminian monosodowy, inozynian disodowy, guanylan disodowy, aromaty, mielona papryka (11,3 %), koncentrat pomidorowy¹ (11,3 %), wędzony boczek (7,5 %) (boczek, sól), cebula¹ (6,5 %), czerwona papryka¹ (4,4 %), mineralna sól potasowa, natka pietruszki¹ (2,5 %), pieprz cayenne, czosnek¹ (2,3 %), kminek, hydrolizowane białko roślinne, tłuszcz palmowy, barwnik: karmel amoniakalny,¹Uprawiane w sposób zrównoważonyAlergeny:Może zawierać Jęczmień, \n\nMoże zawierać Seler, \n\nMoże zawierać Jaja, \n\nMoże zawierać Łubin, \n\nMoże zawierać Mleko, \n\nMoże zawierać Gorczyca, \n\nMoże zawierać Owies, \n\nMoże zawierać Żyto, \n\nMoże zawierać Soja, \n\nZawiera PszenicaInne informacje o zawartości produktu:Barwniki:Zawiera, \n\nWzmacniacze smaku:Zawiera, \n\nSmaki / Aromaty:Zawiera, \n\nMSG (glutaminian):Zawiera"}, {"header": "Przechowywanie i sposób przygotowania", "content": "Sposób podania:Sposób przygotowania:Kluski i zawartość saszetki wrzuć do naczynia.Zalej 400 ml (2 niepełne szklanki) gorącej wody.Dokładnie wymieszaj. Odstaw na 3-5 minut."}, {"header": "Pozostałe informacje", "content": "Kraj pochodzenia:PolskaKraj pochodzenia zależy od konkretnej partii produktu jaka znajduje się w sklepie. Informację o kraju pochodzenia znajdziesz na opakowaniu. Możesz również dodać komentarz z preferowanym typem produktu w koszyku lub wiadomości dla shoppera (np. “prosze o pomidory polskie”).Dystrybutor:Unilever Polska Sp. z o.o.Al. Jerozolimskie 134 02-305 WarszawaNazwa wymagana prawnie:Gulaszowa z wieprzowiną i papryką zupa błyskawiczna."}], "images": ["data/images/83df5a73094278c60add86a9665b4a8e.jpg"], "absolute_path": "Artykuły spożywcze/Produkty w proszku/Dania w proszku/Produkt 48"}
{"name": "Produkt 51", "url": "https://zakupy.biedronka.pl/winiary-winiary-zupa-grochowa-75-g-0000007763.html", "title": "Winiary Zupa grochowa 75 g", "brand": "Winiary", "price": "2.99 PLN", "packaging_details": "0.075kg- 50,68 zł / kg", "description_sections": [{"header": "Opis produktu", "content": "Opis produktuDobre pytanieCzy wiesz, co kryje w sobie Zupa grochowa Winiary?Warto wiedziećGroch w zupie grochowej to wiadomo! Ale tak dobrze smakuje tylko z dodatkiem czosnku, przypraw i ziół: majeranku, bazylii i kminku - oto, co możesz znaleźć w torebce naszej Zupy grochowej Winiary. Wszystkie te składniki doskonale znasz ze swojej kuchni, używając ich w codziennym gotowaniu ulubionych przez rodzinę zup. A to wszystko bez dodatku glutaminianu sodu.O producencieNestlé Jedz smacznie, żyj zdrowo.Pozostałe informacjeW porcji 250 ml energia 388 kJ 92 kcal 5%RWS* dla osoby dorosłejw 100 ml: 154 kJ\\37 kcalOpakowanie zawiera 3 porcje. Wielkość porcji powinna być dostosowana do wieku dziecka.Właścicielem znaku towarowego jest Société des Produits Nestlé S.A.*Referencyjna wartość spożycia dla przeciętnej osoby dorosłej (8400 kJ \\ 2000 kcal)."}, {"header": "Składniki i alergeny", "content": "Składniki:mąka grochowa 65,1%, mąkapszenna, sól, odtłuszczonemlekow proszku, wędzony tłuszcz wieprzowy, aromaty (z pszenicą), cukier, suszone warzywa (czosnek 1,1%, chrzan), zioła, barwnik (karmel), przyprawy, aromat dymu wędzarniczego. Może zawierać:jaja,soję,seler,gorczycę.Alergeny:Mleko i produkty pochodne (łącznie z laktozą), \n\nZboża zawierajace gluten, \n\nPszenica i produkty z pszenicyInne informacje o zawartości produktu:Zawiera surowce GMO:Nie, \n\nZawiera barwniki:Tak"}, {"header": "Wartość odżywcza", "content": "W 100 gWartość energetyczna kcal36 kcalZawartość tłuszczów (ogólnie)0.6 gKwasy tłuszczowe nasycone0.2 gZawartość węglowodanów5.4 gCukry0.8 gZawartość błonnika0.5 gZawartość białek2 gZawartość soli0.66 g"}, {"header": "Przechowywanie i sposób przygotowania", "content": "Sposób przygotowania:Do gotowania"}, {"header": "Pozostałe informacje", "content": "Kraj pochodzenia:PolskaKraj pochodzenia zależy od konkretnej partii produktu jaka znajduje się w sklepie. Informację o kraju pochodzenia znajdziesz na opakowaniu. Możesz również dodać komentarz z preferowanym typem produktu w koszyku lub wiadomości dla shoppera (np. “prosze o pomidory polskie”).Producent:Nestlé Polska S.A.\nul. Domaniewska 32\n02-672 Warszawa\nPorozmawiajmy\n800 174 902\nwww.winiary.plDystrybutor:Nestle Polska S.ADomaniewska 32 02-672 Warszawacs@pl.nestle.comNazwa wymagana prawnie:Zupa grochowa."}], "images": ["data/images/222427633252082325f9ea4a6aaccf87.jpg"], "absolute_path": "Artykuły spożywcze/Produkty w proszku/Dania w proszku/Produkt 51"}
{"name": "Produkt 47", "url": "https://zakupy.biedronka.pl/knorr-knorr-puree-danie-boczek-z-cebulka-51-g-0000005108.html", "title": "Knorr Puree Danie Boczek z cebulką 51 g", "brand": "Knorr", "price": "5.99 PLN", "packaging_details": "0.051kg- 96,61 zł / kg", "description_sections": [{"header": "Opis produktu", "content": "Masz ochotę na szybkie i wyborne ziemniaczane danie o smaku boczku i cebuli? Spróbuj Knorr Puree ziemniaczane z boczkiem i cebulką. Zapewnij sobie smakową przyjemność, a przy okazji zaspokój swój głód."}, {"header": "Składniki i alergeny", "content": "Składniki:ziemniaki (57%), olej słonecznikowy, odtłuszczonemlekow proszku, wędzony boczek (5%) (boczek, sól) cebula (4,5%),laktoza, sól jodowana, mineralna sól potasowa, wędzona słonina (0,8%) (słonina, sól), białkamleka, aromaty, ekstrakt drożdżowy, szczypiorek (0,3%), natka pietruszki, aromat dymu wędzarniczego, sól, emulgator: mono- i diglicerydy kwasów tłuszczowych; kurkuma. Może zawieraćjaja,seleri zboża (gluten)."}, {"header": "Pozostałe informacje", "content": "Kraj pochodzenia:PolskaKraj pochodzenia zależy od konkretnej partii produktu jaka znajduje się w sklepie. Informację o kraju pochodzenia znajdziesz na opakowaniu. Możesz również dodać komentarz z preferowanym typem produktu w koszyku lub wiadomości dla shoppera (np. “prosze o pomidory polskie”).Dystrybutor:Jeronimo Martins Polska S.A.Żniwna 5 62-025 Kostrzyn PLImporter:Jeronimo Martins Polska S.A.Żniwna 5 62-025 Kostrzyn PLNazwa wymagana prawnie:Puree ziemniaczane z boczkiem i cebulką ."}], "images": ["data/images/b57e36cc90ccf987998150350a4cc38f.jpg"], "absolute_path": "Artykuły spożywcze/Produkty w proszku/Dania w proszku/Produkt 47"}
{"name": "Produkt 55", "url": "https://zakupy.biedronka.pl/winiary-winiary-szlachetne-smaki-zupa-borowikowa-44-g-0000017485.html", "title": "Winiary Szlachetne Smaki Zupa borowikowa 44 g", "brand": "Winiary", "price": "3.79 PLN", "packaging_details": "0.044kg- 86,14 zł / kg", "description_sections": [{"header": "Opis produktu", "content": "Ten produkt powstał z suszonych składników. Suszenie pozwala w naturalny sposób zachować na dłużej smak i aromat warzyw, grzybów oraz ziół zebranych w szczycie sezonu.Subrand:Szlachetne Smaki"}, {"header": "Składniki i alergeny", "content": "Składniki:mąkapszenna*,skrobia kukurydziana*,śmietanka w proszku* (zmleka) 11,4 %,odtłuszczonemlekow proszku* 10,8 %,suszone grzyby (borowik* 5,0 %, maślak*, pieczarka*),ekstrakt drożdży*,sól,suszone warzywa (cebula* 4,5 %, czosnek*),aromaty (z pszenicą, mlekiem),olej palmowy,liść pietruszki*,przyprawy*,barwnik (karmel*),*naturalne składnikiAlergeny:Może zawierać Seler, \n\nMoże zawierać Jaja, \n\nZawiera Mleko, \n\nMoże zawierać Gorczyca, \n\nMoże zawierać Soja, \n\nZawiera Pszenica"}, {"header": "Wartość odżywcza", "content": "W 100 mlWartość energetyczna34 kcalTłuszcz0.7 gw tym kwasy tłuszczowe nasycone0.4 gWęglowodany5.3 gw tym cukry0.9 gBłonnik0.4 gBiałko1.5 gSól0.54 g"}, {"header": "Przechowywanie i sposób przygotowania", "content": "Sposób podania:Sposób przyrządzenia:5 min, 2 Porcje1. Zawartość opakowania dokładnie rozprowadź w 500 ml zimnej wody.2. Postaw na ogniu i mieszaj do chwili zagotowania. Gotuj na małym ogniu przez 5 minut, często mieszając.Gotową zupę możesz udekorować podsmażonymi plasterkami świeżych lub mrożonych borowików.Dostosuj wielkość porcjiDzieci 2/3 Twojej porcji"}, {"header": "Pozostałe informacje", "content": "Nazwa wymagana prawnie:Zupa borowikowa."}], "images": ["data/images/fa4bbc53cd7de722b18c8563df559cc1.jpg"], "absolute_path": "Artykuły spożywcze/Produkty w proszku/Dania w proszku/Produkt 55"}
{"name": "Produkt 52", "url": "https://zakupy.biedronka.pl/winiary-winiary-krupnik-polski-59-g-0000007765.html", "title": "Winiary Krupnik polski 59 g", "brand": "Winiary", "price": "2.99 PLN", "packaging_details": "0.059kg- 50,68 zł / kg", "description_sections": [{"header": "Opis produktu", "content": "Płatki jęczmienne, ziemniaki, marchew, seler, pietruszka, cebula, czosnek i pasternak - oto, co możesz znaleźć w torebce naszej Zupy Krupnik Polski Winiary. Wszystkie te składniki doskonale znasz ze swojej kuchni, używając ich w codziennym gotowaniu ulubionych przez rodzinę zup. A to wszystko bez glutaminianu sodu."}, {"header": "Składniki i alergeny", "content": "Składniki:płatkijęczmienne37,1%, suszone warzywa 19,8% (ziemniak, marchew, korzeńselera, cebula, czosnek, pasternak, korzeń pietruszki), mąka ryżowa, odtłuszczonemlekow proszku, sól, aromaty, wędzony tłuszcz wieprzowy, cukier, liść pietruszki, przyprawy, suszony podgrzybek, barwnik (karmel).Alergeny:Seler i produkty pochodne, \n\nMleko i produkty pochodne (łącznie z laktozą), \n\nZboża zawierajace gluten, \n\nJęczmień i produkty jęczmienneInne informacje o zawartości produktu:Zawiera surowce GMO:Nie, \n\nZawiera barwniki:Tak"}, {"header": "Wartość odżywcza", "content": "W 100 mlWartość energetyczna kcal26 kcalZawartość tłuszczów (ogólnie)0.3 gKwasy tłuszczowe nasycone0.1 gZawartość węglowodanów4.6 gCukry0.8 gZawartość błonnika0.7 gZawartość białek0.8 gZawartość soli0.66 g"}, {"header": "Przechowywanie i sposób przygotowania", "content": "Sposób przygotowania:Do gotowania"}, {"header": "Pozostałe informacje", "content": "Kraj pochodzenia:PolskaKraj pochodzenia zależy od konkretnej partii produktu jaka znajduje się w sklepie. Informację o kraju pochodzenia znajdziesz na opakowaniu. Możesz również dodać komentarz z preferowanym typem produktu w koszyku lub wiadomości dla shoppera (np. “prosze o pomidory polskie”).Producent:Nestlé Polska S.A.\nul. Domaniewska 32\n02-672 Warszawa\nPorozmawiajmy\n800 174 902\nwww.winiary.plDystrybutor:Nestle Polska S.ADomaniewska 32 02-672 Warszawacs@pl.nestle.comNazwa wymagana prawnie:Krupnik Polski."}], "images": ["data/images/628fd856b29b36f71ee867de091c44ce.jpg"], "absolute_path": "Artykuły spożywcze/Produkty w proszku/Dania w proszku/Produkt 52"}
{"name": "Produkt 1", "url": "https://zakupy.biedronka.pl/bakello-bakello-ciasto-francuskie-300-g-0000000885.html", "title": "Bakello Ciasto francuskie 300 g", "brand": "Bakello", "price": "4.19 PLN", "packaging_details": "0.3kg- 13,97 zł / kg", "description_sections": [{"header": "Opis produktu", "content": "Ciasto francuskie do słodkich i słonych wypieków."}, {"header": "Składniki i alergeny", "content": "Składniki:mąkapszenna, woda, tłuszcz palmowy, alkohol etylowy, cukier, sól, regulator kwasowości: kwas cytrynowy.Alergeny:Zboża zawierajace gluten, \n\nPszenica i produkty z pszenicyInne informacje o zawartości produktu:Zawiera surowce GMO:Nie, \n\nZawiera olej palmowy:Tak"}, {"header": "Wartość odżywcza", "content": "W 100 gWartość energetyczna kcal378 kcalZawartość tłuszczów (ogólnie)23 gKwasy tłuszczowe nasycone14 gZawartość węglowodanów33 gCukry2 gZawartość białek4.9 gZawartość soli0.6 g"}, {"header": "Przechowywanie i sposób przygotowania", "content": "Sposób przygotowania:Ciasto francuskie wyjąć z lodówki 10 minut przed użyciem. Rozwinąć wraz z papierem do pieczenia na blaszkę i ponakłuwać widelcem lub pokroić na kawałki według uznania. Posmarować wodą lub roztrzepanym jajkiem. Piec w piekarniku nagrzanym do 200 ℃ przez 15-25 minut na złoto-brązowy kolor. Czas pieczenia uzależniony jest od użytych składników i od rodzaju piekarnika."}, {"header": "Pozostałe informacje", "content": "Producent:Henglein GmbHDystrybutor:Jeronimo Martins Polska S.A.Żniwna 5 62-025 Kostrzyn PLImporter:Jeronimo Martins Polska S.A.Żniwna 5 62-025 Kostrzyn PLbok@biedronka.plNazwa wymagana prawnie:Ciasto francuskie. Półprodukt garmeżeryjny chłodzony. Zawiera surowe składniki. Upiec przed spożyciem."}], "images": ["data/images/b81e46691361a3c12dfae3a117a0b40e.jpg"], "absolute_path": "Artykuły spożywcze/Do smażenia i wypieków/Ciasto/Produkt 1"}
{"name": "Produkt 53", "url": "https://zakupy.biedronka.pl/culineo-culineo-goraca-chwila-serowa-z-grzankami-21-g-0000005090.html", "title": "Culineo Gorąca Chwila Serowa z grzankami 21 g", "brand": "Culineo", "price": "1.25 PLN", "packaging_details": "0.021kg- 113,64 zł / kg", "description_sections": [{"header": "Opis produktu", "content": "Nutriscore:C"}, {"header": "Składniki i alergeny", "content": "Składniki:Skrobia ziemniaczana,serypodpuszczkowe w proszku (20,6%), zabielacz: tłuszcz palmowy, maślanka, serwatka (zmleka), Śmietana: grzanki (12%): mąkapszenna, olej palmowy, sól, drożdże; sól, aromaty, ekstrakty drożdżowe, cebula suszona mielona, szczypiorek (1,7%), kurkuma. Produkt może zawierać:seler,sojęigorczycę.Alergeny:Mleko i produkty pochodne (łącznie z laktozą), \n\nZboża zawierajace gluten, \n\nPszenica i produkty z pszenicyInne informacje o zawartości produktu:Zawiera surowce GMO:Nie, \n\nPoziom znakowania Nutriscore:C"}, {"header": "Wartość odżywcza", "content": "W 100 mlWartość energetyczna kcal44 kcalZawartość tłuszczów (ogólnie)2.1 gKwasy tłuszczowe nasycone1.2 gZawartość węglowodanów4.8 gCukry1.1 gZawartość błonnika0.3 gZawartość białek1.3 gZawartość soli1 g"}, {"header": "Przechowywanie i sposób przygotowania", "content": "Sposób przygotowania:1) Zawartość saszetki wsypać do kubka.2) Zalać 200 ml wrzącej wody.3) Dokładnie wymieszać."}, {"header": "Pozostałe informacje", "content": "Producent:HANPOL FOOD Sp. z o.o. Sp. k.Dystrybutor:Jeronimo Martins Polska S.A.Żniwna 5 62-025 KostrzynImporter:Jeronimo Martins Polska S.A.Żniwna 5 62-025 Kostrzyn PLNazwa wymagana prawnie:Zupa instant. Serowa z grzankami."}], "images": ["data/images/bfed0ee6b61e897479708dc485f2ad6b.jpg", "data/images/6b28bf35acb7b7d06a8fa9f8675e0d18.jpg"], "absolute_path": "Artykuły spożywcze/Produkty w proszku/Dania w proszku/Produkt 53"}
{"name": "Produkt 54", "url": "https://zakupy.biedronka.pl/knorr-knorr-danie-makaron-4-sery-66-g-0000017531.html", "title": "Knorr Danie makaron 4 sery 66 g", "brand": "Knorr", "price": "5.99 PLN", "packaging_details": "0.066kg- 113,02 zł / kg", "description_sections": [{"header": "Opis produktu", "content": "Odkryj zupełnie nowy smak dania w kubku Knorr i daj się ponieść serowej przyjemności! Knorr Makaron 4 sery to perfekcyjnie wyważone połączenie serowych smaków i aromatów. Znasz je już z pizzy, a teraz możesz przygotować w ekspresowym tempie niezależnie od tego, gdzie jesteś. Wystarczy odrobina wrzątku i tylko 5 minut! Knorr Makaron 4 sery to najbardziej serowy wariant gotowego dania w kubku Knorr, który od razu Cię zachwyci! Nowość od Knorr to także źródło błonnika i gwarancja doskonałego smaku – po prostu spróbuj i poczuj serową miłość od pierwszego… kęsa! Szybko i smacznie, więc daj się skusić!"}, {"header": "Składniki i alergeny", "content": "Składniki:makaron (61%) (semolina z PSZENICY durum, mąka PSZENNA),mąka PSZENNA, odtłuszczone MLEKO w proszku, skrobia, SER topiony (3,5%) [w tym SER pleśniowy typu Bluecheese, twardy, Crescenza; preparat serwatkowy (z MLEKA)], tłuszcz palmowy, SER topiony(2%) [w tym SER mozzarella; preparat serwatkowy(z MLEKA)], kremowy SER w proszku(0,9%), aromaty (w tym MLEKO), sól, SER topiony(0,7%) [w tym SER pleśniowy, preparat serwatkowy (z MLEKA)], mineralna sól potasowa, sól jodowana, cebula, syrop glukozowy, czosnek, pieprz, kurkuma, korzeń pietruszki, białka MLEKA, szczypiorek, ekstrakt drożdżowy. Może zawieraćgorczycę,jaja,sezam,seler,sojęi inne zboża zawierające gluten."}, {"header": "Pozostałe informacje", "content": "Kraj pochodzenia:NiemcyKraj pochodzenia zależy od konkretnej partii produktu jaka znajduje się w sklepie. Informację o kraju pochodzenia znajdziesz na opakowaniu. Możesz również dodać komentarz z preferowanym typem produktu w koszyku lub wiadomości dla shoppera (np. “prosze o pomidory polskie”).Nazwa wymagana prawnie:Makaron z sosem 4 sery."}], "images": ["data/images/463491cafa7220f1c5e7dcc1d4232ac9.jpg"], "absolute_path": "Artykuły spożywcze/Produkty w proszku/Dania w proszku/Produkt 54"}
{"name": "Produkt 4", "url": "https://zakupy.biedronka.pl/bakello-bakello-galaretka-smak-cytrynowy-2-x-75-g-0000015965.html", "title": "Bakello Galaretka smak cytrynowy 2 x 75 g", "brand": "Bakello", "price": "3.19 PLN", "packaging_details": "0.15kg- 21,27 zł / kg", "description_sections": [{"header": "Opis produktu", "content": "Bakello Galaretka smak cytrynowy 75 g. Galaretka o smaku cytrynowym w proszku"}, {"header": "Składniki i alergeny", "content": "Składniki:cukier, żelatyna wieprzowa, regulator kwasowości - kwas cytrynowy; naturalny aromat cytrynowy z innymi naturalnymi aromatami; suszony koncentrat cytryny (0,2%); barwnik - kurkumina. Produkt może zawieraćmleko.Inne informacje o zawartości produktu:Zawiera surowce GMO:Nie, \n\nZawiera barwniki:Tak"}, {"header": "Wartość odżywcza", "content": "W 100 gWartość energetyczna kcal52 kcalZawartość tłuszczów (ogólnie)0 gKwasy tłuszczowe nasycone0 gZawartość węglowodanów11 gCukry11 gZawartość błonnika0 gZawartość białek1.6 gZawartość soli0 gWitaminy i składniki mineralnew 100 g% RWS w 100 gWitamina C15 mg19%"}, {"header": "Przechowywanie i sposób przygotowania", "content": "Sposób przygotowania:1. Zagotować wodę i odmierzyć 500 ml (2 szklanki).2. Zawartość torebki wsypać do gorącej wody i dokładnie wymieszać, aż do rozpuszczenia (nie gotować).3. Galaretkę wlać do naczynia i pozostawić w chłodnym miejscu do stężenia."}, {"header": "Pozostałe informacje", "content": "Kraj pochodzenia:PolskaKraj pochodzenia zależy od konkretnej partii produktu jaka znajduje się w sklepie. Informację o kraju pochodzenia znajdziesz na opakowaniu. Możesz również dodać komentarz z preferowanym typem produktu w koszyku lub wiadomości dla shoppera (np. “prosze o pomidory polskie”).Producent:Kruger Polska Sp z o.o.Dystrybutor:Kruger Polska Sp. z o.o.Podstoczysko 42 07-300 Ostrów Mazowieckamichal.dziura@kruger.plImporter:Kruger Polska Sp. z o.o.Podstoczysko 42 07-300 Ostrów Mazowiecka PLartur.jankowski@kruger.plNazwa wymagana prawnie:Galaretka o smaku cytrynowym w proszku"}], "images": ["data/images/27179b6631a23d33d8212f462597d949.jpg"], "absolute_path": "Artykuły spożywcze/Do smażenia i wypieków/Galaretki/Produkt 4"}
{"name": "Produkt 1", "url": "https://zakupy.biedronka.pl/kujawski-kujawski-olej-rzepakowy-z-pierwszego-tloczenia-1-l-0000000005.html", "title": "Kujawski Olej rzepakowy z pierwszego tłoczenia 1 l", "brand": "Kujawski", "price": "10.89 PLN", "packaging_details": "1l- 10,89 zł / l", "description_sections": [{"header": "Opis produktu", "content": "100% rafinowany olej rzepakowy z pierwszego tłoczenia, filtrowany na zimno"}, {"header": "Składniki i alergeny", "content": "Składniki:100% rafinowany olej rzepakowy z pierwszego tłoczenia, filtrowany na zimnoInne informacje o zawartości produktu:Zawiera surowce GMO:Nie, \n\nInformacje szczegółowe dotyczące środków słodzących:Nie, \n\nZawiera barwniki:Nie, \n\nZawiera aromaty:Nie, \n\nZawiera antybiotyki:Nie, \n\nZawiera substancje konserwujące:Nie, \n\nZawiera tłuszcze utwardzone (trans):Nie, \n\nZawiera olej palmowy:Nie, \n\nŚrodki spozywcze z dodatkiem fitosteroli, estrów fitosteroli, fitostanoli lub estrów fitostanoli:Nie, \n\nPlant based - produkt bazujący na składnikach roślinnych:Nie, \n\nZawartość owoców/warzyw/orzechów w produkcie:0"}, {"header": "Wartość odżywcza", "content": "W 100 gWartość energetyczna kcal900 kcalZawartość tłuszczów (ogólnie)100 gKwasy tłuszczowe nasycone7.5 gKwasy tłuszczowe jednonienasycone65.5 gKwasy tłuszczowe wielonienasycone26.5 gZawartość węglowodanów0 gCukry0 gZawartość białek0 gZawartość soli0 gWitaminy i składniki mineralnew 100 g% RWS w 100 gWitamina E25 mg0%Witamina E (%RWS)208 %RWS0%Witamina K75 μg0%Witamina K (%RWS)100 %RWS0%"}, {"header": "Przechowywanie i sposób przygotowania", "content": "Sposób podania:Idealny do smażenia, pieczenia i sałatek"}, {"header": "Pozostałe informacje", "content": "Kraj pochodzenia:PolskaKraj pochodzenia zależy od konkretnej partii produktu jaka znajduje się w sklepie. Informację o kraju pochodzenia znajdziesz na opakowaniu. Możesz również dodać komentarz z preferowanym typem produktu w koszyku lub wiadomości dla shoppera (np. “prosze o pomidory polskie”).Producent:ZT \"Kruszwica\" S.A.\nul. Niepodległości 42,\n88-150 Kruszwica\nwww.zpierwszegotloczenia.plDystrybutor:Bunge Polska Sp. z o.o.Niepodległości 42 88-150 Kruszwicabeu.sekretariatbp.kru@bunge.comNazwa wymagana prawnie:Kujawski Olej rzepakowy z pierwszego tłoczenia 1l, filtrowany na zimno"}], "images": ["data/images/8484d9583e010e90f110f840da3d3a0d.jpg"], "absolute_path": "Artykuły spożywcze/Do smażenia i wypieków/Olej/Produkt 1"}
{"name": "Produkt 2", "url": "https://zakupy.biedronka.pl/winiary-winiary-galaretka-cytrynowy-smak-71-g-0000015935.html", "title": "Winiary Galaretka cytrynowy smak 71 g", "brand": "Winiary", "price": "2.99 PLN", "packaging_details": "0.071kg- 42,11 zł / kg", "description_sections": [{"header": "Opis produktu", "content": "Szukasz pomysłu na prosty i pyszny deser? Wybierz galaretkę Winiary o smaku cytrynowym! Jest niezwykle łatwa w przygotowaniu i sprawdzi się zarówno jako słodki poczęstunek dla dzieci, jak i dorosłych. Galaretka Winiary nie zawiera sztucznych barwników. Znakomicie smakuje i pachnie. Jest idealnym wyborem na deser, a dzięki temu, że wspaniale się prezentuje można nią finezyjnie dekorować ciasta oraz owocowe desery. Galaretka Winiary - dla fanów owocowych smaków."}, {"header": "Składniki i alergeny", "content": "Składniki:cukier,żelatyna,regulator kwasowości (kwas cytrynowy),aromat,barwnik (kurkumina)Inne informacje o zawartości produktu:Zawiera surowce GMO:Nie"}, {"header": "Wartość odżywcza", "content": "W 100 gWartość energetyczna kcal47 kcalZawartość tłuszczów (ogólnie)0 gKwasy tłuszczowe nasycone0 gZawartość węglowodanów10.3 gCukry10.3 gZawartość błonnika0 gZawartość białek1.5 gZawartość soli0 g"}, {"header": "Przechowywanie i sposób przygotowania", "content": "Sposób przygotowania:Zagotuj 500 ml wody. Wsyp zawartość opakowania do gorącej wody i wymieszaj do całkowitego rozpuszczenia. Nie gotuj. Wystudzoną galaretkę wlej do pucharków i pozostaw w lodówce do stężenia. Galaretkę możesz udekorować świeżymi owocami."}, {"header": "Pozostałe informacje", "content": "Kraj pochodzenia:PolskaKraj pochodzenia zależy od konkretnej partii produktu jaka znajduje się w sklepie. Informację o kraju pochodzenia znajdziesz na opakowaniu. Możesz również dodać komentarz z preferowanym typem produktu w koszyku lub wiadomości dla shoppera (np. “prosze o pomidory polskie”).Producent:Nestlé Polska S.A.\nul. Domaniewska 32\n02-672 WarszawaImporter:Nestle Polska S.ADomaniewska 32 02-672 Warszawa PLcs@pl.nestle.comNazwa wymagana prawnie:Galaretka o smaku cytrynowym."}], "images": ["data/images/c2b1bbf2aeeb0c1ea11e81456db6ffdf.jpg"], "absolute_path": "Artykuły spożywcze/Do smażenia i wypieków/Galaretki/Produkt 2"}
{"name": "Produkt 1", "url": "https://zakupy.biedronka.pl/winiary-winiary-galaretka-truskawkowy-smak-71-g-0000015948.html", "title": "Winiary Galaretka truskawkowy smak 71 g", "brand": "Winiary", "price": "2.99 PLN", "packaging_details": "0.071kg- 42,11 zł / kg", "description_sections": [{"header": "Opis produktu", "content": "Królowa deserów z lodówki! To Galaretka o smaku truskawkowym Winiary. Znakomicie smakuje i pachnie. Jest idealnym wyborem na deser, a dzięki temu, że wspaniale się prezentuje można nią finezyjnie dekorować ciasta oraz owocowe desery. Jeśli do galaretki dodasz ulubione owoce czy bitą śmietanę, uzyskasz niezwykle pyszne połączenie.Galaretka Winiary - zaproszenie do krainy deserów."}, {"header": "Składniki i alergeny", "content": "Składniki:cukier,żelatyna,regulator kwasowości (kwas cytrynowy),aromat,koncentraty roślinne (marchwi i hibiskusa, krokosza),maltodekstrynaInne informacje o zawartości produktu:Zawiera surowce GMO:Nie"}, {"header": "Wartość odżywcza", "content": "W 100 gWartość energetyczna kcal47 kcalZawartość tłuszczów (ogólnie)0 gKwasy tłuszczowe nasycone0 gZawartość węglowodanów10.3 gCukry10.2 gZawartość błonnika0 gZawartość białek1.5 gZawartość soli0 g"}, {"header": "Przechowywanie i sposób przygotowania", "content": "Sposób przygotowania:Zagotuj 500 ml wody. Wsyp zawartość opakowania do gorącej wody i wymieszaj do całkowitego rozpuszczenia. Nie gotuj. Wystudzoną galaretkę wlej do pucharków i pozostaw w lodówce do stężenia. Galaretkę możesz udekorować świeżymi owocami."}, {"header": "Pozostałe informacje", "content": "Kraj pochodzenia:PolskaKraj pochodzenia zależy od konkretnej partii produktu jaka znajduje się w sklepie. Informację o kraju pochodzenia znajdziesz na opakowaniu. Możesz również dodać komentarz z preferowanym typem produktu w koszyku lub wiadomości dla shoppera (np. “prosze o pomidory polskie”).Producent:Nestlé Polska S.A.\nul. Domaniewska 32\n02-672 WarszawaImporter:Nestle Polska S.ADomaniewska 32 02-672 Warszawa PLcs@pl.nestle.comNazwa wymagana prawnie:Galaretka o smaku truskawkowym. Produkt bezglutenowy."}], "images": ["data/images/b144687668c637ed95fd2861ed51bfde.jpg"], "absolute_path": "Artykuły spożywcze/Do smażenia i wypieków/Galaretki/Produkt 1"}
{"name": "Produkt 3", "url": "https://zakupy.biedronka.pl/winiary-winiary-galaretka-malinowy-smak-71-g-0000015946.html", "title": "Winiary Galaretka malinowy smak 71 g", "brand": "Winiary", "price": "2.99 PLN", "packaging_details": "0.071kg- 42,11 zł / kg", "description_sections": [{"header": "Opis produktu", "content": "Królowa deserów z lodówki! To Galaretka o smaku malinowym Winiary. Znakomicie smakuje i pachnie. Jest idealnym wyborem na deser, a dzięki temu, że wspaniale się prezentuje można nią finezyjnie dekorować ciasta oraz owocowe desery. A jeśli do galaretki dodasz ulubione owoce czy bitą śmietanę, uzyskasz niezwykle pyszne połączenie.Galaretka Winiary - zaproszenie do krainy deserów."}, {"header": "Składniki i alergeny", "content": "Składniki:cukier,żelatyna,regulator kwasowości (kwas cytrynowy),koncentraty roślinne (hibiskusa i marchwi, słodkiego ziemniaka, rzodkiewki, wiśni, jabłka),aromat,maltodekstrynaInne informacje o zawartości produktu:Zawiera surowce GMO:Nie"}, {"header": "Wartość odżywcza", "content": "W 100 gWartość energetyczna kcal201 kcalZawartość tłuszczów (ogólnie)0 gKwasy tłuszczowe nasycone0 gZawartość węglowodanów10.3 gCukry10.3 gZawartość białek1.5 gZawartość soli0 g"}, {"header": "Przechowywanie i sposób przygotowania", "content": "Sposób przygotowania:Zagotuj 500 ml wody. Wsyp zawartość opakowania do gorącej wody i wymieszaj do całkowitego rozpuszczenia. Nie gotuj. Wystudzoną galaretkę wlej do pucharków i pozostaw w lodówce do stężenia. Galaretkę możesz udekorować świeżymi owocami."}, {"header": "Pozostałe informacje", "content": "Kraj pochodzenia:PolskaKraj pochodzenia zależy od konkretnej partii produktu jaka znajduje się w sklepie. Informację o kraju pochodzenia znajdziesz na opakowaniu. Możesz również dodać komentarz z preferowanym typem produktu w koszyku lub wiadomości dla shoppera (np. “prosze o pomidory polskie”).Producent:Nestlé Polska S.A.\nul. Domaniewska 32\n02-672 WarszawaImporter:Nestle Polska S.ADomaniewska 32 02-672 Warszawa PLcs@pl.nestle.comNazwa wymagana prawnie:Galaretka o smaku malinowym."}], "images": ["data/images/0f12d046e8bf92ee115d266f028fcf3f.jpg"], "absolute_path": "Artykuły spożywcze/Do smażenia i wypieków/Galaretki/Produkt 3"}
{"name": "Produkt 4", "url": "https://zakupy.biedronka.pl/kujawski-kujawski-olej-z-lnu-tloczony-na-zimno-250-ml-0000005879.html", "title": "Kujawski Olej z lnu tłoczony na zimno 250 ml", "brand": "Kujawski", "price": "9.99 PLN", "packaging_details": "0.25l- 39,96 zł / l", "description_sections": [{"header": "Opis produktu", "content": "Kujawski olej z lnu tłoczony na zimno 250 ml"}, {"header": "Składniki i alergeny", "content": "Składniki:olej lniany tłoczony na zimno"}, {"header": "Pozostałe informacje", "content": "Kraj pochodzenia:PolskaKraj pochodzenia zależy od konkretnej partii produktu jaka znajduje się w sklepie. Informację o kraju pochodzenia znajdziesz na opakowaniu. Możesz również dodać komentarz z preferowanym typem produktu w koszyku lub wiadomości dla shoppera (np. “prosze o pomidory polskie”).Nazwa wymagana prawnie:Kujawski olej z lnu tłoczony na zimno 250 ml"}], "images": ["data/images/eae459c117f6a773693fd7a7dc28d4fa.jpg"], "absolute_path": "Artykuły spożywcze/Do smażenia i wypieków/Olej/Produkt 4"}
{"name": "Produkt 5", "url": "https://zakupy.biedronka.pl/kujawski-kujawski-olej-rzepakowy-z-pierwszego-tloczenia-z-pomidorami-czosnkiem-i-bazylia-250-ml-0000004134.html", "title": "Kujawski Olej rzepakowy z pierwszego tłoczenia z pomidorami, czosnkiem i bazylią 250 ml", "brand": "Kujawski", "price": "6.45 PLN", "packaging_details": "0.25l- 25,80 zł / l", "description_sections": [{"header": "Opis produktu", "content": "Olej rzepakowy z pierwszego tłoczenia z aromatycznymi ziołami"}, {"header": "Składniki i alergeny", "content": "Składniki:rafinowany olej rzepakowy z pierwszego tłoczenia (96,4%), pomidory (1,3%), czosnek (0,5%), bazylia (0,1%), sól, oregano, ekstrakt czosnku, aromaty naturalne. Może zawieraćgorczycę,jaja,mleko,seler,soję, zboża zawierające gluten,orzeszki ziemne, inneorzechy,sezam.Inne informacje o zawartości produktu:Zawiera surowce GMO:Nie, \n\nZawiera substancje konserwujące:Nie"}, {"header": "Wartość odżywcza", "content": "W 100 gWartość energetyczna kcal881 kcalZawartość tłuszczów (ogólnie)97.3 gKwasy tłuszczowe nasycone7.3 gZawartość węglowodanów1.1 gCukry0.9 gZawartość białek0.3 gZawartość soli0.1 g"}, {"header": "Pozostałe informacje", "content": "Kraj pochodzenia:PolskaKraj pochodzenia zależy od konkretnej partii produktu jaka znajduje się w sklepie. Informację o kraju pochodzenia znajdziesz na opakowaniu. Możesz również dodać komentarz z preferowanym typem produktu w koszyku lub wiadomości dla shoppera (np. “prosze o pomidory polskie”).Producent:ZT „Kruszwica\" S.A.\nul. Niepodległości 42,\n88-150 KruszwicaDystrybutor:Bunge Polska Sp. z o.o.Niepodległości 42 88-150 Kruszwicabeu.sekretariatbp.kru@bunge.comNazwa wymagana prawnie:Kujawski Olej rzepakowy z pierwszego tłoczenia z pomidorami czosnkiem i bazylią 0,25 l"}], "images": ["data/images/16745e357da10824ae5003509a800031.jpg"], "absolute_path": "Artykuły spożywcze/Do smażenia i wypieków/Olej/Produkt 5"}
{"name": "Produkt 6", "url": "https://zakupy.biedronka.pl/kujawski-kujawski-olej-rzepakowy-z-pierwszego-tloczenia-z-czosnkiem-i-bazylia-250-ml-0000004133.html", "title": "Kujawski Olej rzepakowy z pierwszego tłoczenia z czosnkiem i bazylią 250 ml", "brand": "Kujawski", "price": "6.45 PLN", "packaging_details": "0.25l- 25,80 zł / l", "description_sections": [{"header": "Opis produktu", "content": "Olej rzepakowy z pierwszego tłoczenia z aromatycznymi ziołami"}, {"header": "Składniki i alergeny", "content": "Składniki:rafinowany olej rzepakowy z pierwszego tłoczenia (97,6%), czosnek (0,8%), bazylia (0,1%), ekstrakt czosnku, aromat naturalny. Może zawieraćgorczycę,jaja,mleko,seler,soję, zboża zawierające gluten,orzeszki ziemne, inneorzechy,sezam.Inne informacje o zawartości produktu:Zawiera surowce GMO:Nie, \n\nZawiera substancje konserwujące:Nie"}, {"header": "Wartość odżywcza", "content": "W 100 gWartość energetyczna kcal888 kcalZawartość tłuszczów (ogólnie)98.3 gKwasy tłuszczowe nasycone7.4 gZawartość węglowodanów0.6 gCukry0 gZawartość białek0.2 gZawartość soli0 g"}, {"header": "Pozostałe informacje", "content": "Kraj pochodzenia:PolskaKraj pochodzenia zależy od konkretnej partii produktu jaka znajduje się w sklepie. Informację o kraju pochodzenia znajdziesz na opakowaniu. Możesz również dodać komentarz z preferowanym typem produktu w koszyku lub wiadomości dla shoppera (np. “prosze o pomidory polskie”).Producent:ZT „Kruszwica\" S.A.\nul. Niepodległości 42,\n88-150 KruszwicaDystrybutor:Bunge Polska Sp. z o.o.Niepodległości 42 88-150 Kruszwicabeu.sekretariatbp.kru@bunge.comNazwa wymagana prawnie:Kujawski Olej rzepakowy z pierwszego tłoczenia z czosnkiem i bazylią 250 ml"}], "images": ["data/images/22a8d4472e2144b47d5be631c2ecbbd3.jpg"], "absolute_path": "Artykuły spożywcze/Do smażenia i wypieków/Olej/Produkt 6"}
{"name": "Produkt 2", "url": "https://zakupy.biedronka.pl/wyborny-wyborny-olej-slonecznikowy-1-l-0000000841.html", "title": "Wyborny Olej słonecznikowy 1 l", "brand": "Wyborny", "price": "7.99 PLN", "packaging_details": "1l- 7,99 zł / l", "description_sections": [{"header": "Składniki i alergeny", "content": "Składniki:Rafinowany olej słonecznikowyInne informacje o zawartości produktu:Zawiera surowce GMO:Nie"}, {"header": "Wartość odżywcza", "content": "W 100 mlWartość energetyczna kcal828 kcalZawartość tłuszczów (ogólnie)92 gKwasy tłuszczowe nasycone10 gKwasy tłuszczowe jednonienasycone33 gKwasy tłuszczowe wielonienasycone49 gZawartość węglowodanów0 gCukry0 gZawartość błonnika0 gZawartość białek0 gZawartość soli0 gWitaminy i składniki mineralnew 100 ml% RWS w 100 mlWitamina E41 mg0%Witamina E (%RWS)345 %RWS0%"}, {"header": "Pozostałe informacje", "content": "Kraj pochodzenia:Unia EuropejskaKraj pochodzenia zależy od konkretnej partii produktu jaka znajduje się w sklepie. Informację o kraju pochodzenia znajdziesz na opakowaniu. Możesz również dodać komentarz z preferowanym typem produktu w koszyku lub wiadomości dla shoppera (np. “prosze o pomidory polskie”).Producent:FHPU Marlibo Czekaj JacekDystrybutor:Jeronimo Martins Polska S.A.Żniwna 5 62-025 KostrzynImporter:Jeronimo Martins Polska S.A.Żniwna 5 62-025 Kostrzyn PLNazwa wymagana prawnie:Rafinowany olej słonecznikowy"}], "images": ["data/images/7e72c627988c4c2c2d12256644f6359d.jpg", "data/images/d4207af5ffdee619ded561a96444f843.jpg", "data/images/7d1cd1994f3fd2cc6e9d370abec9ada5.jpg"], "absolute_path": "Artykuły spożywcze/Do smażenia i wypieków/Olej/Produkt 2"}
{"name": "Produkt 3", "url": "https://zakupy.biedronka.pl/kujawski-kujawski-3-ziarna-olej-rzepakowy-z-olejami-z-lnu-i-pestek-dyni-750-ml-0000004018.html", "title": "Kujawski 3 ziarna Olej rzepakowy z olejami z lnu i pestek dyni 750 ml", "brand": "Kujawski", "price": "13.99 PLN", "packaging_details": "0.75l- 18,65 zł / l", "description_sections": [{"header": "Składniki i alergeny", "content": "Składniki:rafinowane oleje roślinne (olej rzepakowy z pierwszego tłoczenia 96,8%, olej lniany 2,8%),tłoczony na zimno olej z prażonych pestek dyni 0,4%Inne informacje o zawartości produktu:Zawiera surowce GMO:Nie, \n\nZawiera substancje konserwujące:Nie"}, {"header": "Wartość odżywcza", "content": "W 100 gWartość energetyczna kcal900 kcalZawartość tłuszczów (ogólnie)100 gKwasy tłuszczowe nasycone7.6 gKwasy tłuszczowe jednonienasycone64.1 gKwasy tłuszczowe wielonienasycone27.3 gZawartość węglowodanów0 gCukry0 gZawartość białek0 gZawartość soli0 gWitaminy i składniki mineralnew 100 g% RWS w 100 gWitamina E20 mg167%Witamina K48 μg64%"}, {"header": "Pozostałe informacje", "content": "Kraj pochodzenia:PolskaKraj pochodzenia zależy od konkretnej partii produktu jaka znajduje się w sklepie. Informację o kraju pochodzenia znajdziesz na opakowaniu. Możesz również dodać komentarz z preferowanym typem produktu w koszyku lub wiadomości dla shoppera (np. “prosze o pomidory polskie”).Producent:ZT \"Kruszwica\" S.A.\nul. Niepodległości 42\n88-150 Kruszwica\nwww.zpierwszegotloczenia.plDystrybutor:Bunge Polska Sp. z o.o.Niepodległości 42 88-150 Kruszwicabeu.sekretariatbp.kru@bunge.comNazwa wymagana prawnie:Kujawski 3 ziarna Olej rzepakowy z olejami z lnu i pestek dyni 750 ml"}], "images": ["data/images/45cd4a64e0437c223dda44bdb4edd3e9.jpg"], "absolute_path": "Artykuły spożywcze/Do smażenia i wypieków/Olej/Produkt 3"}
{"name": "Produkt 1", "url": "https://zakupy.biedronka.pl/magnetic-magnetic-kakao-extra-ciemne-200-g-0000000126.html", "title": "Magnetic Kakao extra ciemne 200 g", "brand": "Magnetic", "price": "11.99 PLN", "packaging_details": "0.2kg- 59,95 zł / kg", "description_sections": [{"header": "Opis produktu", "content": "Doskonałe do ciast i deserów!"}, {"header": "Składniki i alergeny", "content": "Składniki:kakao o obniżonej zawartości tłuszczu (zawartość tłuszczu kakaowego 10-12%), regulator kwasowości: węglany potasu. Produkt może zawieraćmleko."}, {"header": "Pozostałe informacje", "content": "Nazwa wymagana prawnie:Kakao o obniżonej zawartości tłuszczu extra ciemne"}], "images": ["data/images/b0eae78074d6b71b75566af89bc0d75c.jpg"], "absolute_path": "Artykuły spożywcze/Do smażenia i wypieków/Dodatki do ciast/Produkt 1"}
{"name": "Produkt 2", "url": "https://zakupy.biedronka.pl/biedronka-biedronka-premium-oliwa-z-oliwek-extra-virgin-500-ml-0000005133.html", "title": "Biedronka Premium Oliwa z oliwek Extra Virgin 500 ml", "brand": "Biedronka", "price": "30.99 PLN", "packaging_details": "0.5l- 61,98 zł / l", "description_sections": [{"header": "Opis produktu", "content": "Najwyższa kategoria oliwy z oliwek, uzyskana bezpośrednio z oliwek i wyłącznie za pomocą środków mechanicznych. Pozyskiwana z różnych gatunków portugalskich oliwek: Cordovil de Serpa, Galega Vulgare, Verdeal i Alentejana. Idealnie nadaje się do doprawiania sałatek oraz innych surowych potraw."}, {"header": "Składniki i alergeny", "content": "Składniki:Oliwa z oliwek najwyższej jakości z pierwszego tłoczeniaInne informacje o zawartości produktu:Zawiera surowce GMO:Nie"}, {"header": "Wartość odżywcza", "content": "W 100 mlWartość energetyczna kcal819 kcalZawartość tłuszczów (ogólnie)89 gKwasy tłuszczowe nasycone14 gKwasy tłuszczowe jednonienasycone69 gKwasy tłuszczowe wielonienasycone6 gZawartość węglowodanów0 gCukry0 gZawartość błonnika0 gZawartość białek0 gZawartość soli0 g"}, {"header": "Pozostałe informacje", "content": "Kraj pochodzenia:PortugaliaKraj pochodzenia zależy od konkretnej partii produktu jaka znajduje się w sklepie. Informację o kraju pochodzenia znajdziesz na opakowaniu. Możesz również dodać komentarz z preferowanym typem produktu w koszyku lub wiadomości dla shoppera (np. “prosze o pomidory polskie”).Producent:Cooperativa Agricola do Moura e BarrancosDystrybutor:Jeronimo Martins Polska S.A.Żniwna 5 62-025 KostrzynImporter:Jeronimo Martins Polska S.A.Żniwna 5 62-025 Kostrzyn PLNazwa wymagana prawnie:Oliwa z oliwek najwyższej jakości z pierwszego tłoczenia"}], "images": ["data/images/c47d127aa007922370726e1a99edd0ae.jpg", "data/images/75a0574f716f537e70a89c9ec5176f31.jpg"], "absolute_path": "Artykuły spożywcze/Do smażenia i wypieków/Oliwa/Produkt 2"}
{"name": "Produkt 1", "url": "https://zakupy.biedronka.pl/culineo-culineo-ocet-spirytusowy-10-kwasowosci-750-ml-0000001083.html", "title": "Culineo Ocet spirytusowy 10 % kwasowości 750 ml", "brand": "Culineo", "price": "2.69 PLN", "packaging_details": "0.75l- 3,59 zł / l", "description_sections": [{"header": "Składniki i alergeny", "content": "Składniki:Ocet spirytusowy 10% kwasowościInne informacje o zawartości produktu:Zawiera surowce GMO:Nie"}, {"header": "Przechowywanie i sposób przygotowania", "content": "Sposób przygotowania:Do bezpośredniego spożyciarozcieńczyć z wodą w stosunku 1:2."}, {"header": "Pozostałe informacje", "content": "Dystrybutor:Jeronimo Martins Polska S.A.Żniwna 5 62-025 KostrzynNazwa wymagana prawnie:Ocet spirytusowy 10% kwasowości"}], "images": ["data/images/cb2fc7fd8a970040c7fd03264a857754.jpg", "data/images/c3eaa717ec5000fa345737ed99e58637.jpg", "data/images/cb46232d59cd97d2d23ace2d60968c01.jpg"], "absolute_path": "Artykuły spożywcze/Do smażenia i wypieków/Ocet i smalec/Produkt 1"}
{"name": "Produkt 1", "url": "https://zakupy.biedronka.pl/elios-elios-oliwa-z-oliwek-najwyzszej-jakosci-pierwszego-tloczenia-chania-kritis-500-ml-0000016572.html", "title": "Elios Oliwa z oliwek najwyższej jakości pierwszego tłoczenia Chania Kritis 500 ml", "brand": "Elios", "price": "28.99 PLN", "packaging_details": "0.5l- 57,98 zł / l", "description_sections": [{"header": "Składniki i alergeny", "content": "Składniki:oliwa z oliwek najwyższej jakości pierwszego tłoczeniaInne informacje o zawartości produktu:Zawiera surowce GMO:Nie"}, {"header": "Wartość odżywcza", "content": "W 100 mlWartość energetyczna kcal824 kcalZawartość tłuszczów (ogólnie)92 gKwasy tłuszczowe nasycone13 gZawartość węglowodanów0 gCukry0 gZawartość białek0 gZawartość soli0 g"}, {"header": "Pozostałe informacje", "content": "Kraj pochodzenia:GrecjaKraj pochodzenia zależy od konkretnej partii produktu jaka znajduje się w sklepie. Informację o kraju pochodzenia znajdziesz na opakowaniu. Możesz również dodać komentarz z preferowanym typem produktu w koszyku lub wiadomości dla shoppera (np. “prosze o pomidory polskie”).Dystrybutor:Jeronimo Martins Polska S.A.Żniwna 5 62-025 KostrzynNazwa wymagana prawnie:Oliwa z oliwek najwyższej jakości pierwszego tłoczenia Chania Kritis chronione oznaczenie geograficzne"}], "images": ["data/images/4dba8b98feed0f83c91e638cb4fdc1e9.jpg", "data/images/c6e72bcb68b89e71a17e3205d2aabed5.jpg", "data/images/2ba1e8a4c7d7d71d9941534d47947acb.jpg"], "absolute_path": "Artykuły spożywcze/Do smażenia i wypieków/Oliwa/Produkt 1"}
{"name": "Produkt 2", "url": "https://zakupy.biedronka.pl/bakallino-bakallino-masa-krowkowa-kajmak-400-g-0000008173.html", "title": "Bakallino Masa krówkowa Kajmak 400 g", "brand": "Bakallino", "price": "8.49 PLN", "packaging_details": "0.4kg- 21,23 zł / kg", "description_sections": [{"header": "Składniki i alergeny", "content": "Składniki:cukier, woda,mlekopełne w proszku 21%. Produkt może zawieraćorzeszki ziemne,orzechy, nasionasezamu,sojęi glutenpszennyAlergeny:Mleko i produkty pochodne (łącznie z laktozą)Inne informacje o zawartości produktu:Zawiera surowce GMO:Nie, \n\nDodatkowe informacje na temat produktu:W opakowaniu może wystąpić nieznaczna ilość płynu."}, {"header": "Wartość odżywcza", "content": "W 100 gWartość energetyczna kcal282 kcalZawartość tłuszczów (ogólnie)5.5 gKwasy tłuszczowe nasycone3.8 gZawartość węglowodanów53 gCukry53 gZawartość błonnika0 gZawartość białek5.5 gZawartość soli0.19 g"}, {"header": "Pozostałe informacje", "content": "Kraj pochodzenia:PolskaKraj pochodzenia zależy od konkretnej partii produktu jaka znajduje się w sklepie. Informację o kraju pochodzenia znajdziesz na opakowaniu. Możesz również dodać komentarz z preferowanym typem produktu w koszyku lub wiadomości dla shoppera (np. “prosze o pomidory polskie”).Dystrybutor:Jeronimo Martins Polska S.A.Żniwna 5 62-025 KostrzynNazwa wymagana prawnie:Masa krówkowa - kajmak. Produkt sterylizowany."}], "images": ["data/images/8b69972734d21faec6ce4e64fbb666a7.jpg", "data/images/3b2a3bd773c63a2b99732ed63efe2333.jpg", "data/images/458a087e05a3977729a475c931d334cf.jpg"], "absolute_path": "Artykuły spożywcze/Do smażenia i wypieków/Dodatki do ciast/Produkt 2"}
{"name": "Produkt 3", "url": "https://zakupy.biedronka.pl/dr.-oetker-dr.-oetker-drozdze-suszone-instant-7-g-0000007299.html", "title": "Dr. Oetker Drożdże suszone instant 7 g", "brand": "Dr. Oetker", "price": "1.69 PLN", "packaging_details": "0.007kg- 241,43 zł / kg", "description_sections": [{"header": "Opis produktu", "content": "1 torebka Drożdży instant 7 g = 25 g drożdży świeżych"}, {"header": "Składniki i alergeny", "content": "Składniki:drożdże suszone (Saccharomyces cerevisiae),emulgator (monostearynian sorbitolu)"}, {"header": "Pozostałe informacje", "content": "Producent:Dr. Oetker Polska Sp. z o.o.\nul. Adm. Dickmana 14\\15\n80-339 GdańskNazwa wymagana prawnie:Drożdże suszone instant."}], "images": ["data/images/260ae5da999224b10a6f006b7094bdce.jpg"], "absolute_path": "Artykuły spożywcze/Do smażenia i wypieków/Dodatki do ciast/Produkt 3"}
{"name": "Produkt 7", "url": "https://zakupy.biedronka.pl/dr.-oetker-dr.-oetker-ekstrakt-naturalny-wanilia-bourbon-z-madagaskaru-30-ml-0000008555.html", "title": "Dr. Oetker Ekstrakt naturalny wanilia bourbon z Madagaskaru 30 ml", "brand": "Dr. Oetker", "price": "6.99 PLN", "packaging_details": "0.03l- 233,00 zł / l", "description_sections": [{"header": "Opis produktu", "content": "Intensywny efekt aromatyzowania wypieków, deserów, dań, sosów i napojów. Dozowanie to ok. 2 - 4 łyżeczki na 250 g mąki. Wanilia Bourbon z Madagaskaru jest najbardziej cenioną wanilią świata. Na jej bazie otrzymany ekstrakt niesie ze sobą to co natura ma najlepsze, czyli wyciąg z najwyższej jakości lasek wanilii Bourbon. Płynna konsystencja z nasionkami wanilii doskonale rozprowadza się w składnikach potraw, nadając im charakterystyczny smak i zapach. Ekstrakt nie zawiera alkoholu. Przed użyciem wstrząśnij."}, {"header": "Składniki i alergeny", "content": "Składniki:cukier inwertowany, syrop glukozowy, woda, ekstrakt z wanilii, 0,6% ziarna waniliiInne informacje o zawartości produktu:Zawiera surowce GMO:Nie"}, {"header": "Pozostałe informacje", "content": "Kraj pochodzenia:PolskaKraj pochodzenia zależy od konkretnej partii produktu jaka znajduje się w sklepie. Informację o kraju pochodzenia znajdziesz na opakowaniu. Możesz również dodać komentarz z preferowanym typem produktu w koszyku lub wiadomości dla shoppera (np. “prosze o pomidory polskie”).Importer:Dr.Oetker Polska Sp. z o.o.Dickmana 14/15 80-339 Gdańsk PLoetker@oetker.plNazwa wymagana prawnie:Ekstrakt naturalny - Wanilia Bourbon z Madagaskaru z ziarenkami"}], "images": ["data/images/3abc17ae4d4fe3f7c3593092ef9c9b33.jpg"], "absolute_path": "Artykuły spożywcze/Do smażenia i wypieków/Dodatki do ciast/Produkt 7"}
{"name": "Produkt 6", "url": "https://zakupy.biedronka.pl/gellwe-gellwe-kwasek-cytrynowy-20-g-0000000068.html", "title": "Gellwe Kwasek cytrynowy 20 g", "brand": "Gellwe", "price": "3.99 PLN", "packaging_details": "0.06kg- 66,50 zł / kg", "description_sections": [{"header": "Opis produktu", "content": "Zastosowanie kwasku cytrynowego:- Idealny do zakwaszania różnego rodzaju zup oraz sałatek warzywnych, buraczków i kapusty;- Doskonały do przygotowywania marynat mięsnych, sosów i dressingów;- Dodany do owoców i warzyw, zarówno świeżych jak i mrożonych, zapobiega ich ciemnieniu;- Polecany do wody mineralnej, herbaty lub lemoniady."}, {"header": "Składniki i alergeny", "content": "Alergeny:Może zawierać Zboża zawierające gluten, \n\nMoże zawierać Mleko, \n\nMoże zawierać Soja"}, {"header": "Pozostałe informacje", "content": "Producent:FoodCare Sp. z o.o.\nul. Spokojna 4\n32-080 ZabierzówDystrybutor:FoodCare Sp. z o.o.ul. Spokojna 4 32-080 ZabierzówNazwa wymagana prawnie:Kwas cytrynowy E 330 do celów spożywczych."}], "images": ["data/images/2eb84c8fe1875bd9f2051d91c56a022c.jpg"], "absolute_path": "Artykuły spożywcze/Do smażenia i wypieków/Dodatki do ciast/Produkt 6"}
{"name": "Produkt 4", "url": "https://zakupy.biedronka.pl/dr.-oetker-dr.-oetker-proszek-do-pieczenia-30-g-0000005828.html", "title": "Dr. Oetker Proszek do pieczenia 30 g", "brand": "Dr. Oetker", "price": "0.89 PLN", "packaging_details": "0.03kg- 29,67 zł / kg", "description_sections": [{"header": "Opis produktu", "content": "Proszek do pieczenia Dr. Oetkera gwarantuje już od 1891 roku udane wypieki o pulchnej konsystencji. Ciasto z proszkiem do pieczenia Dr. Oetkera jest zawsze smaczne i udane."}, {"header": "Składniki i alergeny", "content": "Alergeny:Zboża zawierajace glutenInne informacje o zawartości produktu:Zawiera surowce GMO:Nie, \n\nZawiera substancje konserwujące:Nie"}, {"header": "Wartość odżywcza", "content": "W 100 gWartość energetyczna kcal62 kcalZawartość tłuszczów (ogólnie)0.3 gKwasy tłuszczowe nasycone0.1 gZawartość węglowodanów13 gCukry0.2 gZawartość białek1.9 gZawartość soli48.5 g"}, {"header": "Pozostałe informacje", "content": "Kraj pochodzenia:PolskaKraj pochodzenia zależy od konkretnej partii produktu jaka znajduje się w sklepie. Informację o kraju pochodzenia znajdziesz na opakowaniu. Możesz również dodać komentarz z preferowanym typem produktu w koszyku lub wiadomości dla shoppera (np. “prosze o pomidory polskie”).Producent:Dr. Oetker Polska Sp. z o.o.\nul. Adm. Dickmana 14\\15,\n80-339 GdańskNazwa wymagana prawnie:Dr. Oetker Proszek do pieczenia 30g"}], "images": ["data/images/27fb1b71adf1d8caea3cb204c32ce73e.jpg"], "absolute_path": "Artykuły spożywcze/Do smażenia i wypieków/Dodatki do ciast/Produkt 4"}
{"name": "Produkt 5", "url": "https://zakupy.biedronka.pl/dr.-oetker-dr.-oetker-smietan-fix-9-g-0000007310.html", "title": "Dr. Oetker Śmietan-fix 9 g", "brand": "Dr. Oetker", "price": "0.99 PLN", "packaging_details": "0.009kg- 110,00 zł / kg", "description_sections": [{"header": "Opis produktu", "content": "Śmietan-fix Dr. Oetkera to od wielu lat niezastąpiony pomocnik przy pieczeniu tortów z masami na bazie śmietany. Jeśli użyjesz go do ubicia śmietany, nie zmieni jej naturalnej konsystencji. Przy użyciu Śmietan-fixu naturalna bita śmietana długo zachowuje dekoracyjne kształty i nie zmienia konsystencji."}, {"header": "Składniki i alergeny", "content": "Składniki:glukoza, skrobia modyfikowanaInne informacje o zawartości produktu:Zawiera surowce GMO:Nie, \n\nZawiera substancje konserwujące:Nie"}, {"header": "Wartość odżywcza", "content": "W 100 gWartość energetyczna kcal369 kcalZawartość tłuszczów (ogólnie)0 gKwasy tłuszczowe nasycone0 gZawartość węglowodanów92 gCukry48 gZawartość białek0.1 gZawartość soli0.01 g"}, {"header": "Pozostałe informacje", "content": "Kraj pochodzenia:PolskaKraj pochodzenia zależy od konkretnej partii produktu jaka znajduje się w sklepie. Informację o kraju pochodzenia znajdziesz na opakowaniu. Możesz również dodać komentarz z preferowanym typem produktu w koszyku lub wiadomości dla shoppera (np. “prosze o pomidory polskie”).Producent:Dr. Oetker Polska Sp. z o.o.\nul. Adm. Dickmana 14\\15\n80-339 GdańskDystrybutor:Dr.Oetker Polska Sp. z o.o.Dickmana 14/15 80-339 Gdańskoetker@oetker.plNazwa wymagana prawnie:Dr. Oetker Śmietan-fix 9 g"}], "images": ["data/images/40de7a92ad68c0f8270a7e017b733226.jpg", "data/images/af949a97b1135a0b5884c66ab819ae6e.jpg"], "absolute_path": "Artykuły spożywcze/Do smażenia i wypieków/Dodatki do ciast/Produkt 5"}
{"name": "Produkt 11", "url": "https://zakupy.biedronka.pl/delecta-delecta-aromat-do-ciast-migdalowy-9-ml-0000007367.html", "title": "Delecta Aromat do ciast migdałowy 9 ml", "brand": "Delecta", "price": "1.19 PLN", "packaging_details": "0.009l- 132,22 zł / l", "description_sections": [{"header": "Opis produktu", "content": "Aromat w płynie do aromatyzowania ciast, kremów"}, {"header": "Składniki i alergeny", "content": "Składniki:Olej rzepakowy, aromatInne informacje o zawartości produktu:Zawiera surowce GMO:Nie"}, {"header": "Pozostałe informacje", "content": "Kraj pochodzenia:PolskaKraj pochodzenia zależy od konkretnej partii produktu jaka znajduje się w sklepie. Informację o kraju pochodzenia znajdziesz na opakowaniu. Możesz również dodać komentarz z preferowanym typem produktu w koszyku lub wiadomości dla shoppera (np. “prosze o pomidory polskie”).Producent:FoodWell Sp. z o.o.,\nul. Fabryczna 5,\n00-446 WarszawaDystrybutor:FoodWell Sp. z o.o.Fabryczna 5 00-446 WarszawaNazwa wymagana prawnie:Aromat migdałowy w płynie do aromatyzowania ciast, kremów 9ml"}], "images": ["data/images/e7c01cc9f853df5fa895e320e5dad86e.jpg"], "absolute_path": "Artykuły spożywcze/Do smażenia i wypieków/Dodatki do ciast/Produkt 11"}
{"name": "Produkt 10", "url": "https://zakupy.biedronka.pl/delecta-delecta-aromat-do-ciast-pomaranczowy-9-ml-0000007366.html", "title": "Delecta Aromat do ciast pomarańczowy 9 ml", "brand": "Delecta", "price": "1.19 PLN", "packaging_details": "0.009l- 132,22 zł / l", "description_sections": [{"header": "Opis produktu", "content": "Aromat w płynie do aromatyzowania ciast, kremów itp"}, {"header": "Składniki i alergeny", "content": "Składniki:Olej rzepakowy, aromatInne informacje o zawartości produktu:Zawiera surowce GMO:Nie, \n\nZawiera aromaty:Tak"}, {"header": "Pozostałe informacje", "content": "Kraj pochodzenia:PolskaKraj pochodzenia zależy od konkretnej partii produktu jaka znajduje się w sklepie. Informację o kraju pochodzenia znajdziesz na opakowaniu. Możesz również dodać komentarz z preferowanym typem produktu w koszyku lub wiadomości dla shoppera (np. “prosze o pomidory polskie”).Producent:FoodWell Sp. z o.o.,\nul. Fabryczna 5,\n00-446 WarszawaDystrybutor:FoodWell Sp. z o.o.Fabryczna 5 00-446 WarszawaNazwa wymagana prawnie:Aromat do ciast"}], "images": ["data/images/7700d63a5b5b0fa60f621d9a16b26f87.jpg"], "absolute_path": "Artykuły spożywcze/Do smażenia i wypieków/Dodatki do ciast/Produkt 10"}
{"name": "Produkt 8", "url": "https://zakupy.biedronka.pl/dr.-oetker-dr.-oetker-ekstrakt-naturalny-migdal-z-maroka-30-ml-0000008554.html", "title": "Dr. Oetker Ekstrakt naturalny migdał z Maroka 30 ml", "brand": "Dr. Oetker", "price": "6.99 PLN", "packaging_details": "0.03l- 233,00 zł / l", "description_sections": [{"header": "Opis produktu", "content": "Intensywny efekt aromatyzowania wypieków, deserów, dań, sosów i napojów. Dozowanie to ok. 2 łyżeczki na 250 g mąki. Ekstrakt z najszlachetniejszych orzechów świata, czyli z nasion migdałowca ze złotego Maroka. Niesie ze sobą to co natura ma najlepsze. Płynna konsystencja doskonale rozprowadza się w składnikach potraw, nadając im charakterystyczny świeży smak i zapach marokańskich plantacji migdałów. Ekstrakt nie zawiera alkoholu."}, {"header": "Składniki i alergeny", "content": "Składniki:olej rzepakowy, ekstrakt zmigdałówAlergeny:Orzechy, \n\nMigdały i produkty z migdałamiInne informacje o zawartości produktu:Zawiera surowce GMO:Nie"}, {"header": "Pozostałe informacje", "content": "Kraj pochodzenia:PolskaKraj pochodzenia zależy od konkretnej partii produktu jaka znajduje się w sklepie. Informację o kraju pochodzenia znajdziesz na opakowaniu. Możesz również dodać komentarz z preferowanym typem produktu w koszyku lub wiadomości dla shoppera (np. “prosze o pomidory polskie”).Importer:Dr.Oetker Polska Sp. z o.o.Dickmana 14/15 80-339 Gdańsk PLoetker@oetker.plNazwa wymagana prawnie:Ekstrakt naturalny - Migdał z Maroka"}], "images": ["data/images/7ccd9c54c8053d1a73be467936dfc9f1.jpg"], "absolute_path": "Artykuły spożywcze/Do smażenia i wypieków/Dodatki do ciast/Produkt 8"}
{"name": "Produkt 9", "url": "https://zakupy.biedronka.pl/dr.-oetker-dr.-oetker-zelatyna-20-g-0000008826.html", "title": "Dr. Oetker Żelatyna 20 g", "brand": "Dr. Oetker", "price": "2.99 PLN", "packaging_details": "0.02kg- 149,50 zł / kg", "description_sections": [{"header": "Opis produktu", "content": "Żelatyna 20g jest niezastąpionym dodatkiem do przygotowywania galaret, ciast i deserów. Ma największą moc tężenia i najwyższą klarowność. Wystarcza na 1 l płynu."}, {"header": "Składniki i alergeny", "content": "Składniki:Żelatyna wieprzowaInne informacje o zawartości produktu:Zawiera surowce GMO:Tak, \n\nZawiera substancje konserwujące:Nie"}, {"header": "Pozostałe informacje", "content": "Kraj pochodzenia:PolskaKraj pochodzenia zależy od konkretnej partii produktu jaka znajduje się w sklepie. Informację o kraju pochodzenia znajdziesz na opakowaniu. Możesz również dodać komentarz z preferowanym typem produktu w koszyku lub wiadomości dla shoppera (np. “prosze o pomidory polskie”).Producent:Dr. Oetker Polska Sp. z o.o.\nul. Adm. Dickmana 14\\15\n80-339 GdańskDystrybutor:Dr.Oetker Polska Sp. z o.o.Dickmana 14/15 80-339 Gdańskoetker@oetker.plNazwa wymagana prawnie:Dr. Oetker Żelatyna 20 g"}], "images": ["data/images/d19d7be4d511a25285b66c5fe83f863b.jpg", "data/images/dfb95a6805aaa634eba3aa0021f622d1.jpg"], "absolute_path": "Artykuły spożywcze/Do smażenia i wypieków/Dodatki do ciast/Produkt 9"}
{"name": "Produkt 12", "url": "https://zakupy.biedronka.pl/bakello-bakello-drozdze-suszone-instant-8-g-0000017481.html", "title": "Bakello Drożdże suszone instant 8 g", "brand": "Bakello", "price": "0.99 PLN", "packaging_details": "0.008kg- 123,75 zł / kg", "description_sections": [{"header": "Składniki i alergeny", "content": "Składniki:drożdże suszone, emulgator: monostearynian sorbitolu.Produkt może zawierać zboża zawierające gluten,jaja,mleko,soję,orzechy,orzeszki ziemnei nasionasezamu.Inne informacje o zawartości produktu:Zawiera surowce GMO:Nie"}, {"header": "Przechowywanie i sposób przygotowania", "content": "Sposób przygotowania:Drożdże dokładnie wymieszaj z mąką. Sporządzenie rozczynu nie jest konieczne z wyjątkiem ciast z dużą ilością bakalii. Dodaj pozostałe składniki według wybranego przepisu i dokładnie wyrób ciasto, a następnie pozostaw w cieple do wyrośnięcia. Piecz zgodnie z przepisem."}, {"header": "Pozostałe informacje", "content": "Dystrybutor:Jeronimo Martins Polska S.A.Żniwna 5 62-025 Kostrzyn PLImporter:Jeronimo Martins Polska S.A.Żniwna 5 62-025 Kostrzyn PLNazwa wymagana prawnie:Drożdże suszone instant."}], "images": ["data/images/8b308a9678232e87a2ae52c4c326245d.jpg", "data/images/9e86a52d3cf1e24327bf185c7ad8868a.jpg"], "absolute_path": "Artykuły spożywcze/Do smażenia i wypieków/Dodatki do ciast/Produkt 12"}
{"name": "Produkt 17", "url": "https://zakupy.biedronka.pl/delecta-delecta-aromat-do-ciast-cytrynowy-9-ml-0000007368.html", "title": "Delecta Aromat do ciast cytrynowy 9 ml", "brand": "Delecta", "price": "1.19 PLN", "packaging_details": "0.009l- 132,22 zł / l", "description_sections": [{"header": "Opis produktu", "content": "Aromat w płynie do aromatyzowania ciast, kremów"}, {"header": "Składniki i alergeny", "content": "Składniki:Olej rzepakowy, aromatInne informacje o zawartości produktu:Zawiera surowce GMO:Nie, \n\nZawiera aromaty:Tak"}, {"header": "Pozostałe informacje", "content": "Kraj pochodzenia:PolskaKraj pochodzenia zależy od konkretnej partii produktu jaka znajduje się w sklepie. Informację o kraju pochodzenia znajdziesz na opakowaniu. Możesz również dodać komentarz z preferowanym typem produktu w koszyku lub wiadomości dla shoppera (np. “prosze o pomidory polskie”).Producent:FoodWell Sp. z o.o.,\nul. Fabryczna 5,\n00-446 WarszawaDystrybutor:FoodWell Sp. z o.o.Fabryczna 5 00-446 WarszawaNazwa wymagana prawnie:Aromat do ciast"}], "images": ["data/images/01d80d72085872fcf6d92164594d9f64.jpg"], "absolute_path": "Artykuły spożywcze/Do smażenia i wypieków/Dodatki do ciast/Produkt 17"}
{"name": "Produkt 15", "url": "https://zakupy.biedronka.pl/delecta-delecta-aromat-do-ciast-waniliowy-9-ml-0000007365.html", "title": "Delecta Aromat do ciast waniliowy 9 ml", "brand": "Delecta", "price": "1.19 PLN", "packaging_details": "0.009l- 132,22 zł / l", "description_sections": [{"header": "Opis produktu", "content": "Aromatyzuje ok. 2 kg ciasta."}, {"header": "Składniki i alergeny", "content": "Składniki:olej rzepakowy,aromatAlergeny:Może zawierać Migdały, \n\nMoże zawierać Orzechy brazylijskie, \n\nMoże zawierać Orzechy nerkowca, \n\nMoże zawierać Zboża zawierające gluten, \n\nMoże zawierać Jaja, \n\nMoże zawierać Orzechy laskowe, \n\nMoże zawierać Orzechy makadamia / Orzechy Queensland, \n\nMoże zawierać Mleko, \n\nMoże zawierać Orzechy, \n\nMoże zawierać Orzeszki ziemne, \n\nMoże zawierać Orzeszki pekan, \n\nMoże zawierać Pistacje/orzechy pistacjowe, \n\nMoże zawierać Sezam, \n\nMoże zawierać Soja, \n\nMoże zawierać Orzechy włoskieInne informacje o zawartości produktu:Smaki / Aromaty:Zawiera"}, {"header": "Pozostałe informacje", "content": "Producent:FoodWell Sp. z o.o.,\nul. Fabryczna 5,\n00-446 WarszawaNazwa wymagana prawnie:Delecta Aromat do ciast waniliowy 9 ml"}], "images": ["data/images/06dc2907cd96432132ace89c3e709b90.jpg"], "absolute_path": "Artykuły spożywcze/Do smażenia i wypieków/Dodatki do ciast/Produkt 15"}
{"name": "Produkt 16", "url": "https://zakupy.biedronka.pl/decomorreno-decomorreno-kakao-o-obnizonej-zawartosci-tluszczu-150-g-0000008768.html", "title": "DecoMorreno Kakao o obniżonej zawartości tłuszczu 150 g", "brand": "DecoMorreno", "price": "12.99 PLN", "packaging_details": "0.15kg- 86,60 zł / kg", "description_sections": [{"header": "Opis produktu", "content": "Wytwarzane z najwyższej jakości ziaren kakao zapewni Ci wyborny smak i niezrównany aromat. Jego ciemna barwa i wysoka wydajność zagwarantują Ci najwyższą jakość napojów i wypieków."}, {"header": "Składniki i alergeny", "content": "Składniki:Kakao o obniżonej zawartości tłuszczu (zawartość tłuszczu kakaowego 10-12%) Produkt może zawierać śladowe ilościsoi,mlekai glutenu."}, {"header": "Pozostałe informacje", "content": "Kraj pochodzenia:PolskaKraj pochodzenia zależy od konkretnej partii produktu jaka znajduje się w sklepie. Informację o kraju pochodzenia znajdziesz na opakowaniu. Możesz również dodać komentarz z preferowanym typem produktu w koszyku lub wiadomości dla shoppera (np. “prosze o pomidory polskie”).Nazwa wymagana prawnie:Kakao o obniżonej zawartości tłuszczu (zawartość tłuszczu kakaowego 10-12%)"}], "images": ["data/images/a66ada6f5d15d378dfd1ad56fc15edba.jpg"], "absolute_path": "Artykuły spożywcze/Do smażenia i wypieków/Dodatki do ciast/Produkt 16"}
{"name": "Produkt 13", "url": "https://zakupy.biedronka.pl/dr.-oetker-dr.-oetker-ekstrakt-naturalny-pomarancza-z-brazylii-30-ml-0000008553.html", "title": "Dr. Oetker Ekstrakt naturalny pomarańcza z Brazylii 30 ml", "brand": "Dr. Oetker", "price": "6.99 PLN", "packaging_details": "0.03l- 233,00 zł / l", "description_sections": [{"header": "Opis produktu", "content": "Intensywny efekt aromatyzowania wypieków, deserów, dań, sosów i napojów. Dozowanie to ok. 2 łyżeczki na 250 g mąki. Ekstrakt ze słodkich i soczystych brazylijskich pomarańczy. Niesie ze sobą to co natura ma najlepsze. Płynna konsystencja doskonale rozprowadza się w składnikach potraw, nadając im charakterystyczny świeży smak i zapach rodem z Brazylii. Ekstrakt nie zawiera alkoholu."}, {"header": "Składniki i alergeny", "content": "Składniki:olej rzepakowy, ekstrakt z pomarańczyInne informacje o zawartości produktu:Zawiera surowce GMO:Nie"}, {"header": "Pozostałe informacje", "content": "Kraj pochodzenia:PolskaKraj pochodzenia zależy od konkretnej partii produktu jaka znajduje się w sklepie. Informację o kraju pochodzenia znajdziesz na opakowaniu. Możesz również dodać komentarz z preferowanym typem produktu w koszyku lub wiadomości dla shoppera (np. “prosze o pomidory polskie”).Importer:Dr.Oetker Polska Sp. z o.o.Dickmana 14/15 80-339 Gdańsk PLoetker@oetker.plNazwa wymagana prawnie:Ekstrakt naturalny - Pomarańcza z Brazylii"}], "images": ["data/images/21598419171137784ad7ae325affa98f.jpg"], "absolute_path": "Artykuły spożywcze/Do smażenia i wypieków/Dodatki do ciast/Produkt 13"}
{"name": "Produkt 14", "url": "https://zakupy.biedronka.pl/quick-cao-quick-cao-napoj-kakaowy-z-witaminami-500-g-0000000716.html", "title": "Quick Cao Napój kakaowy z witaminami 500 g", "brand": "Quick Cao", "price": "13.99 PLN", "packaging_details": "0.5kg- 27,98 zł / kg", "description_sections": [{"header": "Opis produktu", "content": "Quick Cao o pysznym czekoladowym smaku to zastrzyk energii każdego dnia. Dodatek witamin i minerałów wspomaga rozwój umysłowy każdego dziecka, wspomaga pamięć, koncentrację i uczenie się. Doskonale łączy się zarówno z gorącym, jak i zimnym mlekiem, dlatego sprawdza się o każdej porze roku.Magnez + Witaminy: B12, B6 - pomagają w utrzymaniu prawidłowych funkcji psychologicznych, dodatkowo wapń i cynk."}, {"header": "Składniki i alergeny", "content": "Składniki:cukier, kakao o obniżonej zawartości tłuszczu (20%), glukoza, emulgator: lecytyny, sól, aromat naturalny, witamina E, witamina C, tiamina, ryboflawina, witamina B6, niacyna, witamina B12, biotyna, kwas pantotenowy, kwas foliowy, węglan magnezu, węglan wapnia, tlenek cynku.Produkt może zawieraćmleko."}, {"header": "Pozostałe informacje", "content": "Kraj pochodzenia:PolskaKraj pochodzenia zależy od konkretnej partii produktu jaka znajduje się w sklepie. Informację o kraju pochodzenia znajdziesz na opakowaniu. Możesz również dodać komentarz z preferowanym typem produktu w koszyku lub wiadomości dla shoppera (np. “prosze o pomidory polskie”).Nazwa wymagana prawnie:Napój kakaowy instant z witaminami i składnikami mineralnymi"}], "images": ["data/images/809d4c9e9f275adb66385d20261aca54.jpg"], "absolute_path": "Artykuły spożywcze/Do smażenia i wypieków/Dodatki do ciast/Produkt 14"}
{"name": "Produkt 2", "url": "https://zakupy.biedronka.pl/dr.-oetker-dr.-oetker-babeczki-czekoladowe-ze-skorka-pomaranczy-335g-0000005197.html", "title": "Dr. Oetker Babeczki czekoladowe ze skórką pomarańczy 335g", "brand": "Dr. Oetker", "price": "6.49 PLN", "packaging_details": "0.34kg- 21,63 zł / kg", "description_sections": [{"header": "Opis produktu", "content": "Wyjątkowa kombinacja smaków: czekoladowe ciasto z aromatyczną skórką pomarańczową, posypane delikatnym cukrem pudrem oczarują każdego wielbiciela czekolady."}, {"header": "Składniki i alergeny", "content": "Składniki:mąka PSZENNA, cukier, skrobia PSZENNA, 4,4% skórka pomarańczowa (54% skórka pomarańczowa, cukier, regulator kwasowości (kwas cytrynowy)), kakao o obniżonej zawartości tłuszczu, substancje spulchniające (difosforany, węglany sodu), aromaty (zawierają LAKTOZĘ), skrobia, 0,1% czekolada w proszku (kakao o obniżonej zawartości tłuszczu, cukier, dekstroza), sól.Alergeny:Mleko i produkty pochodne (łącznie z laktozą), \n\nZboża zawierajace gluten, \n\nPszenica i produkty z pszenicyInne informacje o zawartości produktu:Zawiera surowce GMO:Nie, \n\nZawiera substancje konserwujące:Nie"}, {"header": "Wartość odżywcza", "content": "W 100 gWartość energetyczna kcal349 kcalZawartość tłuszczów (ogólnie)17.9 gKwasy tłuszczowe nasycone2.9 gZawartość węglowodanów40.9 gCukry22.2 gZawartość białek5.2 gZawartość soli0.79 g"}, {"header": "Pozostałe informacje", "content": "Kraj pochodzenia:PolskaKraj pochodzenia zależy od konkretnej partii produktu jaka znajduje się w sklepie. Informację o kraju pochodzenia znajdziesz na opakowaniu. Możesz również dodać komentarz z preferowanym typem produktu w koszyku lub wiadomości dla shoppera (np. “prosze o pomidory polskie”).Producent:Dr. Oetker Polska Sp. z o.o.\nul. Adm. Dickmana 14\\15\n80-339 GdańskImporter:Dr.Oetker Polska Sp. z o.o.Dickmana 14/15 80-339 Gdańsk PLoetker@oetker.plNazwa wymagana prawnie:Dr. Oetker Babeczki czekoladowe ze skórką pomarańczy w proszku"}], "images": ["data/images/b09c5640f76410c226c0ca34a25d0872.jpg"], "absolute_path": "Artykuły spożywcze/Do smażenia i wypieków/Gotowe mieszanki/Produkt 2"}
{"name": "Produkt 3", "url": "https://zakupy.biedronka.pl/dr.-oetker-dr.-oetker-krem-do-tortow-waniliowy-120-g-0000008057.html", "title": "Dr. Oetker Krem do tortów waniliowy 120 g", "brand": "Dr. Oetker", "price": "4.99 PLN", "packaging_details": "0.105kg- 47,52 zł / kg", "description_sections": [{"header": "Opis produktu", "content": "Chcesz przygotować tort, ale wydaje Ci się, że jego przygotowanie jest zbyt trudne? Użyj Kremu do tortów i ciast smak waniliowy Dr. Oetkera! Teraz możesz w 3 minut wyczarować wspaniały krem, którym przełożysz i udekorujesz każdy, nawet duży biszkopt. Będziesz miała pewność, że pysznie smakuje i ma niepowtarzalny aromat. Krem nie tylko zawsze się uda, ale też długo pozostanie świeży i zachowa odpowiednią konsystencję. Dbający o linię mogą przyrządzić wersję niskokaloryczną."}, {"header": "Składniki i alergeny", "content": "Składniki:cukier, syrop glukozowy, olej roślinny palmowy całkowicie utwardzony, skrobia modyfikowana, emulgatory (mono- i diglicerydy kwasów tłuszczowych, mono- i diglicerydy kwasów tłuszczowych estryfikowane kwasem octowym), żelatyna, białka MLEKA, stabilizator (fosforany potasu), aromat, naturalny aromat wanilii bourbon, barwnik (karoteny), sólAlergeny:Mleko i produkty pochodne (łącznie z laktozą), \n\nZboża zawierajace glutenInne informacje o zawartości produktu:Zawiera surowce GMO:Tak, \n\nZawiera substancje konserwujące:Nie"}, {"header": "Wartość odżywcza", "content": "W 100 gWartość energetyczna kcal290 kcalZawartość tłuszczów (ogólnie)22.3 gKwasy tłuszczowe nasycone15.3 gZawartość węglowodanów18.9 gCukry15.3 gZawartość białek3.4 gZawartość soli0.12 g"}, {"header": "Pozostałe informacje", "content": "Kraj pochodzenia:PolskaKraj pochodzenia zależy od konkretnej partii produktu jaka znajduje się w sklepie. Informację o kraju pochodzenia znajdziesz na opakowaniu. Możesz również dodać komentarz z preferowanym typem produktu w koszyku lub wiadomości dla shoppera (np. “prosze o pomidory polskie”).Producent:Dr. Oetker Polska Sp. z o.o.\nul. Adm. Dickmana 14\\15\n80-339 GdańskNazwa wymagana prawnie:Krem do tortów i ciast smak waniliowy w proszku"}], "images": ["data/images/6b5826f429ade4cb59b28765649b5421.jpg"], "absolute_path": "Artykuły spożywcze/Do smażenia i wypieków/Gotowe mieszanki/Produkt 3"}
{"name": "Produkt 1", "url": "https://zakupy.biedronka.pl/dr.-oetker-dr.-oetker-babeczki-z-platkami-czekolady-300-g-0000005196.html", "title": "Dr. Oetker Babeczki z płatkami czekolady 300 g", "brand": "Dr. Oetker", "price": "6.49 PLN", "packaging_details": "0.3kg- 21,63 zł / kg", "description_sections": [{"header": "Opis produktu", "content": "Warto wiedzieć...Ciasta w proszku nie wymagają dodawania konserwantów, ponieważ powstały ze składników, które poddane zostały procesowi suszenia. Suszenie jest naturalną metodą utrwalania żywności."}, {"header": "Składniki i alergeny", "content": "Składniki:mąkapszenna,cukier,skrobiapszenna,5 % płatki czekolady (cukier, miazga kakaowa, kakao o obniżonej zawartości tłuszczu, tłuszcz kakaowy, emulgatory (lecytyny (w tymsojowe), fosfatydy amonu)),proszek do pieczenia (substancje spulchniające (difosforany, węglany sodu), mąkapszenna),glukoza,błonnik z cykorii,aromat,sólAlergeny:Może zawierać Mleko, \n\nZawiera Soja, \n\nZawiera PszenicaInne informacje o zawartości produktu:Barwniki:Nie zawiera"}, {"header": "Pozostałe informacje", "content": "Producent:Dr. Oetker Polska Sp. z o.o.\nul. Adm. Dickmana 14\\15\n80-339 GdańskDystrybutor:Dr. Oetker Polska Sp. z o.o.ul. Adm. Dickmana 14/15 80-339 Gdańskserwis@oetker.plNazwa wymagana prawnie:Mieszanka w proszku do przyrządzenia babeczek z płatkami czekolady."}], "images": ["data/images/c94e46c14813e148cfe41df2221f615a.jpg"], "absolute_path": "Artykuły spożywcze/Do smażenia i wypieków/Gotowe mieszanki/Produkt 1"}
{"name": "Produkt 1", "url": "https://zakupy.biedronka.pl/winiary-winiary-sos-tatarski-250-ml-0000004961.html", "title": "Winiary Sos tatarski 250 ml", "brand": "Winiary", "price": "6.99 PLN", "packaging_details": "0.25l- 27,96 zł / l", "description_sections": [{"header": "Opis produktu", "content": "Winiary Sos Tatarski to sos przyrządzany według tradycyjnej receptury: z krojonym ogórkiem, cebulą i pieczarkami. To prosty i pyszny sposób na urozmaicenie smaku potraw. Świetnie sprawdzi się jako dodatek do wędlin, zimnych mięs, jajek i śledzików, a także do wołowiny z rusztu oraz ziemniaczanych sałatek. Skomponowany jest w oparciu o wysokiej jakości składniki, bez konserwantów.Winiary Sos Tatarski, to:- sos z wyczuwalnymi kawałkami pieczarek i warzyw, bez konserwantów- świetnie sprawdzi się jako dodatek do wędlin, zimnych mięs, jajek i śledzików- dostępny zarówno w słoiku 250ml jak i plastikowej butelce 350 ml"}, {"header": "Składniki i alergeny", "content": "Składniki:olej rzepakowy, woda, warzywa 8,5% (ogórek, cebula), cukier, ocet, glukoza, żółtkojaja, sól, pieczarki 1,2%, białkamleka, przyprawy (w tymgorczyca), zioła (szczypiorek, liść pietruszki), aromaty, regulator kwasowości (kwas cytrynowy), substancja zagęszczająca (guma guar), przeciwutleniacz (sól wapniowo-disodowa EDTA)Alergeny:Gorczyca i produkty pochodne, \n\nMleko i produkty pochodne (łącznie z laktozą), \n\nJaja i produkty pochodne, \n\nZboża zawierajace glutenInne informacje o zawartości produktu:Zawiera surowce GMO:Nie, \n\nZawiera przeciwutleniacze:Tak"}, {"header": "Wartość odżywcza", "content": "W 100 mlWartość energetyczna kcal611 kcalZawartość tłuszczów (ogólnie)63.7 gKwasy tłuszczowe nasycone4.9 gZawartość węglowodanów7.9 gCukry7.6 gZawartość błonnika1 gZawartość białek1 gZawartość soli1.4 g"}, {"header": "Pozostałe informacje", "content": "Kraj pochodzenia:PolskaKraj pochodzenia zależy od konkretnej partii produktu jaka znajduje się w sklepie. Informację o kraju pochodzenia znajdziesz na opakowaniu. Możesz również dodać komentarz z preferowanym typem produktu w koszyku lub wiadomości dla shoppera (np. “prosze o pomidory polskie”).Producent:Nestlé Polska S.A.\nul. Domaniewska 32\n02-672 Warszawa\n\nNestlé Polska S.A.\nOddział w Kaliszu\nul. Łódzka 153\n62-800 KaliszDystrybutor:Nestle Polska S.ADomaniewska 32 02-672 Warszawacs@pl.nestle.comImporter:Nestle Polska S.ADomaniewska 32 02-672 Warszawa PLcs@pl.nestle.comNazwa wymagana prawnie:Sos tatarski"}], "images": ["data/images/23fbc4f4f7d15316f1f0c46387ef9990.jpg", "data/images/31a8447de60caf9d1fb85d42f18e3ddf.jpg"], "absolute_path": "Artykuły spożywcze/Sosy/Sosy majonezowe/Produkt 1"}
{"name": "Produkt 2", "url": "https://zakupy.biedronka.pl/madero-madero-stolowy-sos-hamburger-pomidorowo-jogurtowy-410-g-0000003350.html", "title": "Madero Stołowy sos hamburger pomidorowo-jogurtowy 410 g", "brand": "Madero", "price": "5.49 PLN", "packaging_details": "0.41kg- 13,39 zł / kg", "description_sections": [{"header": "Składniki i alergeny", "content": "Składniki:Koncentrat pomidorowy (29%), olej rzepakowy, woda,jogurt(10%), cukier, ogórki konserwowe (5%), ocet ocet spirytusowy, skrobia modyfikowana kukurydziana, cebula, sól, przyprawy (zawierajągorczycę), pasteryzowane żółtkojajakurzego (0.9%), białkamleka, kapary, zioła, substancja zagęszczająca: guma ksantanowa, naturalne aromaty. Jaja z chowu z wolnego wybiegu.Alergeny:Gorczyca i produkty pochodne, \n\nMleko i produkty pochodne (łącznie z laktozą), \n\nJaja i produkty pochodneInne informacje o zawartości produktu:Zawiera surowce GMO:Nie"}, {"header": "Wartość odżywcza", "content": "W 100 gWartość energetyczna kcal265 kcalZawartość tłuszczów (ogólnie)23 gKwasy tłuszczowe nasycone1.9 gZawartość węglowodanów11 gCukry7.7 gZawartość błonnika0.8 gZawartość białek1.7 gZawartość soli1.5 g"}, {"header": "Pozostałe informacje", "content": "Producent:Develey Polska S.A.Dystrybutor:Jeronimo Martins Polska S.A.Żniwna 5 62-025 KostrzynImporter:Jeronimo Martins Polska S.A.Żniwna 5 62-025 Kostrzyn PLNazwa wymagana prawnie:Sos pomidorowo- jogurtowy z dodatkiem ogórków"}], "images": ["data/images/5cdf2fbbc0e369a0cfdae11e3a963baf.jpg"], "absolute_path": "Artykuły spożywcze/Sosy/Sosy majonezowe/Produkt 2"}
{"name": "Produkt 4", "url": "https://zakupy.biedronka.pl/madero-madero-sos-czosnkowy-aromatyczny-410-g-0000009733.html", "title": "Madero Sos czosnkowy aromatyczny 410 g", "brand": "Madero", "price": "5.49 PLN", "packaging_details": "0.41kg- 13,39 zł / kg", "description_sections": [{"header": "Składniki i alergeny", "content": "Składniki:Woda, olej rzepakowy, czosnek (5,5%), cukier, cebula, pasteryzowane żółtkojajakurzego (3%), ocet spirytusowy, skrobia modyfikowana kukurydziana, sól,gorczyca, zioła, substancja zagęszczająca: guma ksantanowa, regulator kwasowości: kwas cytrynowy, sok cytrynowy z koncentratu, syrop palonego cukru."}, {"header": "Pozostałe informacje", "content": "Nazwa wymagana prawnie:Sos czosnkowy"}], "images": ["data/images/b8b56eb9eb31d5d05c733affe59fee51.jpg"], "absolute_path": "Artykuły spożywcze/Sosy/Sosy majonezowe/Produkt 4"}
{"name": "Produkt 3", "url": "https://zakupy.biedronka.pl/roleski-roleski-street-food-sos-do-frytek-belgijski-290-g-0000009881.html", "title": "Roleski Street Food Sos do frytek belgijski 290 g", "brand": "Roleski", "price": "5.99 PLN", "packaging_details": "0.29kg- 19,97 zł / kg", "description_sections": [{"header": "Opis produktu", "content": "Z food trucków i ulicznych knajpek zlokalizowanych w różnych miejscach na świecie wybraliśmy najlepsze smaki sosów do frytek, hamburgerów, hot dogów i parówek. Dzięki naszej linii sosów Street Food możesz sprawić, że Twoje ulubione potrawy będą smakowały jak nigdy dotąd.Jest taki rodzaj frytek, który wymaga specjalnej oprawy prosto z belgijskiej kuchni. Teraz frytki belgijskie pysznie i wyjątkowo mogą smakować także w Polsce! Wystarczy dodać aksamitnie kremowy, pyszny sos do frytek, wytworzony według belgijskiej receptury. Sprawdź naszą linię Street Food, pełną najlepszych z najlepszych!Subrand:Street Food"}, {"header": "Składniki i alergeny", "content": "Składniki:olej słonecznikowy (72 %),woda,żółtkojajakurzego,miód,musztarda(woda, ocet spirytusowy,gorczyca, cukier, sól, przyprawy, naturalne aromaty),ocet winny biały,sól,zagęszczony sok z cytryny,naturalny aromat,aromaty,przeciwutleniacz: sól wapniowo-disodowa EDTA"}, {"header": "Pozostałe informacje", "content": "Kraj pochodzenia:Produkt UEKraj pochodzenia zależy od konkretnej partii produktu jaka znajduje się w sklepie. Informację o kraju pochodzenia znajdziesz na opakowaniu. Możesz również dodać komentarz z preferowanym typem produktu w koszyku lub wiadomości dla shoppera (np. “prosze o pomidory polskie”).Nazwa wymagana prawnie:Sos do frytek belgijski."}], "images": ["data/images/4496ea0780331b8574881a3765852c28.jpg"], "absolute_path": "Artykuły spożywcze/Sosy/Sosy majonezowe/Produkt 3"}
{"name": "Produkt 1", "url": "https://zakupy.biedronka.pl/barilla-barilla-pesto-alla-genovese-z-bazylia-190-g-0000004099.html", "title": "Barilla Pesto alla Genovese z bazylią 190 g", "brand": "Barilla", "price": "14.99 PLN", "packaging_details": "0.19kg- 78,89 zł / kg", "description_sections": [{"header": "Opis produktu", "content": "Pesto alla Genovese - przepyszny sos na bazie specjalnie wyselekcjonowanej, świeżej bazylii z dodatkiem orzechów nerkowca i serów to wprost bogactwo smaku tradycyjnej włoskiej kuchni. Swoim niezwykłym aromatem i smakiem zadowoli nawet najbardziej wybredny gust. Znakomity dodatek do makaronu Bavette."}, {"header": "Składniki i alergeny", "content": "Składniki:olej słonecznikowy, świeża bazylia 30%,orzechynerkowca,serParmigiano Reggiano ChNP 5% (mleko), błonnik kukurydziany, serwatka w proszku (mleko), sól, białkamleka, ekstra oliwa z oliwek z pierwszego tłoczenia, cukier, ekstrakt z bazylii, naturalne aromaty (mleko), regulator kwasowości: kwas mlekowy, czosnek.Alergeny:Mleko i produkty pochodne (łącznie z laktozą), \n\nOrzechy, \n\nOrzechy nerkowca i produkty z orzecha nerkowcaInne informacje o zawartości produktu:Zawiera surowce GMO:Nie, \n\nOsłonka niejadalna:Nie, \n\nInformacje szczegółowe dotyczące środków słodzących:zawiera cukier (cukry) i substancję słodzącą, \n\nZawiera lukrecję:Nie, \n\nZawiera chininę:Nie, \n\nZawiera taurynę:Nie, \n\nZawiera przeciwutleniacze:Nie, \n\nZawiera wzmacniacze smaku:Nie, \n\nZawiera fosforany:Nie, \n\nZawiera barwniki:Nie, \n\nZawiera substancje konserwujące:Nie, \n\nZawiera kofeinę:Nie, \n\nŚrodki spozywcze z dodatkiem fitosteroli, estrów fitosteroli, fitostanoli lub estrów fitostanoli:Nie"}, {"header": "Wartość odżywcza", "content": "W 100 gWartość energetyczna kcal482 kcalZawartość tłuszczów (ogólnie)46 gKwasy tłuszczowe nasycone5.3 gZawartość węglowodanów9.8 gCukry5.5 gZawartość błonnika5 gZawartość białek4.7 gZawartość soli3.25 g"}, {"header": "Przechowywanie i sposób przygotowania", "content": "Sposób przygotowania:Sposób przyrządzania: sosu pesto nie trzeba podgrzewać, wystarczy dodać do świeżo ugotowanego, odcedzonego, gorącego makaronu i dokładnie wymieszać.  Najlepiej smakuje w proporcjach: 50 g sosu na 100 g suchego makaronu."}, {"header": "Pozostałe informacje", "content": "Kraj pochodzenia:WłochyKraj pochodzenia zależy od konkretnej partii produktu jaka znajduje się w sklepie. Informację o kraju pochodzenia znajdziesz na opakowaniu. Możesz również dodać komentarz z preferowanym typem produktu w koszyku lub wiadomości dla shoppera (np. “prosze o pomidory polskie”).Producent:Barilla G. e R.Fratelli - Societa per AzioniDystrybutor:Barilla Poland sp. z o.o.Bobrowiecka 8 00-728 Warszawamarta.kakolewska@barilla.comImporter:Barilla Poland sp. z o.o.Bobrowiecka 8 00-728 Warszawa PLmarta.kakolewska@barilla.comNazwa wymagana prawnie:Sos do makaronu pesto alla genovese - pesto z bazylią"}], "images": ["data/images/dea8994e80772341f63862517d810c4a.jpg"], "absolute_path": "Artykuły spożywcze/Sosy/Pesto/Produkt 1"}
{"name": "Produkt 3", "url": "https://zakupy.biedronka.pl/govege-go-vege-pesto-z-tofu-190-g-0000008464.html", "title": "Go Vege Pesto z tofu 190 g", "brand": "goVege", "price": "6.99 PLN", "packaging_details": "0.19kg- 36,79 zł / kg", "description_sections": [{"header": "Składniki i alergeny", "content": "Składniki:bazylia 38%, olej słonecznikowy, ziemniaki, woda,tofu- przetwórsojowy8% (woda,soja, chlorek magnezu),orzechynerkowca, błonnik grochowy, sól, przeciwutleniacz: kwas askorbinowy; regulatory kwasowości: kwas mlekowy, kwas cytrynowy, ocet winny, gałka muszkatołowa, pieprz czarny. Produkt może zawieraćorzechy,orzeszki ziemne,seler,gorczycę."}, {"header": "Pozostałe informacje", "content": "Nazwa wymagana prawnie:Sos pesto z bazylią i tofu - przetworem sojowym. Odpowiedni dla wegan. Produkt pasteryzowany."}], "images": ["data/images/6a7e30c3d0e17874b4b22d2cf4c6dc4e.jpg", "data/images/6589dab41772537b2923370893e55164.jpg", "data/images/8df094c777881ab03591ac00aabb0d20.jpg"], "absolute_path": "Artykuły spożywcze/Sosy/Pesto/Produkt 3"}
{"name": "Produkt 2", "url": "https://zakupy.biedronka.pl/barilla-barilla-pesto-rosso-z-pomidorami-serem-i-orzechami-200-g-0000004098.html", "title": "Barilla Pesto Rosso z pomidorami serem i orzechami 200 g", "brand": "Barilla", "price": "14.99 PLN", "packaging_details": "0.2kg- 78,89 zł / kg", "description_sections": [{"header": "Opis produktu", "content": "Pesto Rosso - unikalna receptura łącząca prostotę oraz świeżość pomidorów i bazylii z pełnią smaku i niezwykłą konsystencją sosów typu pesto. Dodatek włoskich serów i oliwy z oliwek sprawia, że sos ten zawiera w sobie wszystkie najbardziej charakterystyczne dla kuchni śródziemnomorskiej składniki. Dobrze pasuje do makaronu Farfalle."}, {"header": "Składniki i alergeny", "content": "Składniki:pulpa pomidorowa 34,8%, olej słonecznikowy, koncentrat pomidorowy 15%, syrop glukozowy,serGrana Padano ChNP 4% (mleko, lizozym z jajek),orzechynerkowca, sól, bazylia 2,2%, ocet balsamiczny z Modeny IGP 2% (ocet winny, gotowany moszcz winogronowy), serwatka zmlekaw proszku,serPecorino Romano ChNP 1% (zmlekaowczego), cukier, skrobia ryżowa, czosnek, regulator kwasowości: kwas mlekowy, aromat (mleko).Alergeny:Mleko i produkty pochodne (łącznie z laktozą), \n\nJaja i produkty pochodne, \n\nOrzechyInne informacje o zawartości produktu:Zawiera surowce GMO:Nie, \n\nOsłonka niejadalna:Nie, \n\nInformacje szczegółowe dotyczące środków słodzących:zawiera cukier (cukry) i substancję słodzącą, \n\nZawiera lukrecję:Nie, \n\nZawiera chininę:Nie, \n\nZawiera taurynę:Nie, \n\nZawiera przeciwutleniacze:Nie, \n\nZawiera wzmacniacze smaku:Nie, \n\nZawiera fosforany:Nie, \n\nZawiera barwniki:Nie, \n\nZawiera substancje konserwujące:Nie, \n\nZawiera kofeinę:Nie, \n\nŚrodki spozywcze z dodatkiem fitosteroli, estrów fitosteroli, fitostanoli lub estrów fitostanoli:Nie"}, {"header": "Wartość odżywcza", "content": "W 100 gWartość energetyczna kcal324 kcalZawartość tłuszczów (ogólnie)28 gKwasy tłuszczowe nasycone3.7 gZawartość węglowodanów13.2 gCukry7.5 gZawartość błonnika2 gZawartość białek3.8 gZawartość soli3 g"}, {"header": "Przechowywanie i sposób przygotowania", "content": "Sposób przygotowania:Sposób przyrządzania: sosu pesto nie trzeba podgrzewać, wystarczy dodać do świeżo ugotowanego, odcedzonego, gorącego makaronu i dokładnie wymieszać.  Najlepiej smakuje w proporcjach: 50 g sosu na 100 g suchego makaronu."}, {"header": "Pozostałe informacje", "content": "Kraj pochodzenia:WłochyKraj pochodzenia zależy od konkretnej partii produktu jaka znajduje się w sklepie. Informację o kraju pochodzenia znajdziesz na opakowaniu. Możesz również dodać komentarz z preferowanym typem produktu w koszyku lub wiadomości dla shoppera (np. “prosze o pomidory polskie”).Dystrybutor:Barilla Poland sp. z o.o.Bobrowiecka 8 00-728 Warszawamarta.kakolewska@barilla.comNazwa wymagana prawnie:Sos do makaronu pesto rosso - pesto z pomidorami i octem balsamicznym z Modeny"}], "images": ["data/images/4a1c6a91c74cb226c7aa40f7e3205431.jpg"], "absolute_path": "Artykuły spożywcze/Sosy/Pesto/Produkt 2"}
{"name": "Produkt 2", "url": "https://zakupy.biedronka.pl/knorr-knorr-fix-spaghetti-bolognese-41-g-0000009077.html", "title": "Knorr Fix Spaghetti bolognese 41 g", "brand": "Knorr", "price": "4.79 PLN", "packaging_details": "0.041kg- 116,83 zł / kg", "description_sections": [{"header": "Opis produktu", "content": "Kompozycja warzyw, ziół i przypraw do przygotowania spaghetti bolognese."}, {"header": "Składniki i alergeny", "content": "Składniki:koncentrat pomidorowy¹ (44,8 %),skrobia,sól,cukier,mąkapszenna,pomidory¹ (3,6 %),ekstrakt drożdżowy,cebula¹ (2,4 %),papryka¹ (2,1 %),aromaty,olej kukurydziany,oregano¹ (1,4 %),natka pietruszki¹ (1%),czosnek¹,pieprz (0,4 %),¹Uprawiane w sposób zrównoważonyAlergeny:Może zawierać Seler, \n\nMoże zawierać Zboża zawierające gluten, \n\nMoże zawierać Jaja, \n\nMoże zawierać Mleko, \n\nMoże zawierać Gorczyca, \n\nMoże zawierać Soja, \n\nZawiera PszenicaInne informacje o zawartości produktu:Barwniki:Nie zawiera, \n\nkonserwanty:Nie zawiera"}, {"header": "Wartość odżywcza", "content": "W 100 gWartość energetyczna306 kcalTłuszcz2.7 gw tym kwasy tłuszczowe nasycone0.4 gWęglowodany57 gw tym cukry32 gBłonnik10 gBiałko9.9 gSól10.4 g"}, {"header": "Pozostałe informacje", "content": "Producent:Unilever Polska Sp. z o.o.\nAl. Jerozolimskie 134,\n02-305 Warszawa\nInfolinia: 801 109 387\ncałkowity koszt połączenia:\n1 impuls wg taryfy operatora\nOdwiedź: www.przepisy.plDystrybutor:Unilever Polska Sp. z o.o.Al. Jerozolimskie 134 02-305 Warszawa801 109 387Nazwa wymagana prawnie:Fix spaghetti bolognese."}], "images": ["data/images/4ee721aaacbf33f5efadd65d3246ad6c.jpg", "data/images/5f80c94b9396db7fb20618152ca6afde.jpg"], "absolute_path": "Artykuły spożywcze/Sosy/Sosy w proszku/Produkt 2"}
{"name": "Produkt 1", "url": "https://zakupy.biedronka.pl/winiary-winiary-sos-pieczarkowy-30-g-0000015493.html", "title": "Winiary Sos pieczarkowy 30 g", "brand": "Winiary", "price": "2.79 PLN", "packaging_details": "0.03kg- 93,00 zł / kg", "description_sections": [{"header": "Opis produktu", "content": "Ten produkt powstał z suszonych składników. Suszenie pozwala w naturalny sposób zachować na dłużej smak i aromat warzyw, grzybów oraz ziół zebranych w szczycie sezonu."}, {"header": "Składniki i alergeny", "content": "Składniki:mąkapszenna*,skrobia kukurydziana*,odtłuszczonemlekow proszku*,sól,olej palmowy,zagęszczony sok z pieczarki* 6,5 %,ekstrakt drożdży*,pełnemlekow proszku*,suszona cebula* 3,5 %,suszona pieczarka* 2,3 %,aromat,liść pietruszki*,barwnik (karmel*),pieprz czarny*,* naturalne składnikiAlergeny:Może zawierać Seler, \n\nMoże zawierać Jaja, \n\nZawiera Mleko, \n\nMoże zawierać Gorczyca, \n\nMoże zawierać Soja, \n\nZawiera Pszenica"}, {"header": "Przechowywanie i sposób przygotowania", "content": "Sposób podania:Sposób przyrządzenia:3 min., 4 porcje1. Zawartość opakowania dokładnie rozprowadź w 300 ml zimnej wody.2. Postaw na ogniu i mieszaj do chwili zagotowania. Gotuj na małym ogniu przez 3 minuty, często mieszając.Dodaj nasz sos do zrazów z wieprzowiny, podaj z kaszą i gotowanymi warzywami."}, {"header": "Pozostałe informacje", "content": "Producent:Nestlé Polska S.A.\nul. Domaniewska 32\n02-672 Warszawa\n800 174 902\nwww.winiary.plNazwa wymagana prawnie:Sos pieczarkowy."}], "images": ["data/images/1674e00d95c02d9d6036c0cdf94c183d.jpg"], "absolute_path": "Artykuły spożywcze/Sosy/Sosy w proszku/Produkt 1"}
{"name": "Produkt 4", "url": "https://zakupy.biedronka.pl/winiary-winiary-sos-pieczeniowy-ciemny-30-g-0000015492.html", "title": "Winiary Sos pieczeniowy ciemny 30 g", "brand": "Winiary", "price": "2.79 PLN", "packaging_details": "0.034kg- 93,00 zł / kg", "description_sections": [{"header": "Opis produktu", "content": "Ten produkt powstał z suszonych składników. Suszenie pozwala w naturalny sposób zachować na dłużej smak i aromat warzyw oraz ziół zebranych w szczycie sezonu."}, {"header": "Składniki i alergeny", "content": "Składniki:skrobia ziemniaczana*,mąkapszenna* 17,2 %,suszone warzywa 11,1 % (pomidor, cebula* 4,2 %, czosnek* 2,1 %),sól,aromaty,cukier*,tłuszcz palmowy,barwnik (karmel*),ekstrakt drożdży*,olej palmowy,przyprawy*,kwas (kwas cytrynowy),* naturalne składnikiAlergeny:Może zawierać Seler, \n\nMoże zawierać Jaja, \n\nMoże zawierać Mleko, \n\nMoże zawierać Gorczyca, \n\nMoże zawierać Soja, \n\nZawiera Pszenica"}, {"header": "Przechowywanie i sposób przygotowania", "content": "Sposób podania:Sposób przyrządzenia:3 min., 4 porcje1. Zawartość opakowania dokładnie rozprowadź w 300 ml zimnej wody.2. Postaw na ogniu i mieszaj do chwili zagotowania. Gotuj na małym ogniu przez 3 minuty, często mieszając.Dodaj nasz sos do schabu lub bitek wołowych, podaj z pieczonymi ziemniakami i gotowanymi warzywami."}, {"header": "Pozostałe informacje", "content": "Producent:Nestlé Polska S.A.\nul. Domaniewska 32\n02-672 Warszawa\n800 174 902\nwww.winiary.plDystrybutor:Nestlé Polska S.A.ul. Domaniewska 32 02-672 WarszawaImporter:Nestle Polska S.ADomaniewska 32 02-672 Warszawa PLcs@pl.nestle.comNazwa wymagana prawnie:Sos pieczeniowy ciemny."}], "images": ["data/images/74d749e674d5bf338ef498f65217fbe0.jpg"], "absolute_path": "Artykuły spożywcze/Sosy/Sosy w proszku/Produkt 4"}
{"name": "Produkt 3", "url": "https://zakupy.biedronka.pl/winiary-winiary-sos-pieczeniowy-jasny-27-g-0000015489.html", "title": "Winiary Sos pieczeniowy jasny 27 g", "brand": "Winiary", "price": "2.79 PLN", "packaging_details": "0.031kg- 93,00 zł / kg", "description_sections": [{"header": "Opis produktu", "content": "Ten produkt powstał z suszonych składników. Suszenie pozwala w naturalny sposób zachować na dłużej smak i aromat warzyw zebranych w szczycie sezonu."}, {"header": "Składniki i alergeny", "content": "Składniki:mąkapszenna* 35,3 %,skrobia ziemniaczana*,aromaty (z pszenicą, soją),sól,cukier*,olej palmowy,suszone warzywa 4,7 % (cebula*, czosnek*),barwnik (karmel),przyprawy (pieprz czarny*, kurkuma*, liść laurowy*),kwas (kwas cytrynowy),* naturalne składnikiAlergeny:Może zawierać Seler, \n\nMoże zawierać Jaja, \n\nMoże zawierać Mleko, \n\nMoże zawierać Gorczyca, \n\nZawiera Soja, \n\nZawiera Pszenica"}, {"header": "Przechowywanie i sposób przygotowania", "content": "Sposób podania:Sposób przyrządzenia:3 min., 4 porcje1. Zawartość opakowania dokładnie rozprowadź w 300 ml zimnej wody.2. Postaw na ogniu i mieszaj do chwili zagotowania. Gotuj na małym ogniu przez 3 minuty, często mieszając.Dodaj nasz sos do schabu lub bitek wołowych, podaj z pieczonymi ziemniakami i gotowanymi warzywami.Często dobre dłużejSprawdź zanim wyrzuciszPopatrzPowąchajPosmakuj"}, {"header": "Pozostałe informacje", "content": "Nazwa wymagana prawnie:Sos pieczeniowy jasny."}], "images": ["data/images/1ed9cb54fc2d0c3dea15eee734302f60.jpg"], "absolute_path": "Artykuły spożywcze/Sosy/Sosy w proszku/Produkt 3"}
{"name": "Produkt 4", "url": "https://zakupy.biedronka.pl/govege-go-vege-pesto-z-tofu-i-pomidorami-190-g-0000008463.html", "title": "Go Vege Pesto z tofu i pomidorami 190 g", "brand": "goVege", "price": "6.99 PLN", "packaging_details": "0.19kg- 36,79 zł / kg", "description_sections": [{"header": "Składniki i alergeny", "content": "Składniki:przecier pomidorowy 29%, olej słonecznikowy, pulpa pomidorowa 11%,orzechynerkowca, oliwa z oliwek najwyższej jakości z pierwszego tłoczenia,tofu- przetwórsojowy5,6% (woda,soja, chlorek magnezu), bazylia 5,2%, sól, orzeszki piniowe, suszona pietruszka, regulator kwasowości: kwas mlekowy, czosnek, skrobia kukurydziana, papryczka chili, przeciwutleniacz: kwas askorbinowy. Produkt może zawierać:orzechy,orzeszki ziemne,seler,gorczycę."}, {"header": "Pozostałe informacje", "content": "Nazwa wymagana prawnie:Sos pesto z pomidorami, bazylią i tofu - przetworem sojowym. Odpowiedni dla wegan. Produkt pasteryzowany."}], "images": ["data/images/2912b458dd7b9a3cc94cfb5b3606464c.jpg", "data/images/5308f52655b831cc29fb1078654f7871.jpg", "data/images/35936d54eb456ad02cd7e9211f8a4e50.jpg"], "absolute_path": "Artykuły spożywcze/Sosy/Pesto/Produkt 4"}
{"name": "Produkt 5", "url": "https://zakupy.biedronka.pl/pudliszki-pudliszki-sos-do-spaghetti-po-bolonsku-500-g-0000010772.html", "title": "Pudliszki Sos do spaghetti po bolońsku 500 g", "brand": "Pudliszki", "price": "7.99 PLN", "packaging_details": "0.5kg- 16,65 zł / kg", "description_sections": [{"header": "Opis produktu", "content": "Spaghetti po bolońsku to jedno z najpopularniejszych dań kuchni włoskiej. W polskiej wersji będzie wprost idealne z intensywnie pomidorowym sosem Pudliszki. Możesz zrobić danie według przepisu znajdującego się na opakowaniu lub puścić wodze kulinarnych fantazji!"}, {"header": "Składniki i alergeny", "content": "Składniki:pomidory (125 g pomidorów w 100 g produktu),warzywa (cebula,seler),cukier,sól,skrobia kukurydziana,czosnek 1,0%,olej rzepakowy,zioła,koncentraty (czarnej porzeczki, czarnej marchwi),regulator kwasowości (kwas cytrynowy),przyprawaAlergeny:Zawiera SelerInne informacje o zawartości produktu:Sztuczne konserwanty:Nie zawiera"}, {"header": "Wartość odżywcza", "content": "Wartość energetyczna53 kcalTłuszcz0.6 gw tym kwasy tłuszczowe nasycone0.1 gWęglowodany9.2 gw tym cukry6.3 gBłonnik2 gBiałko1.7 gSól1.2 g"}, {"header": "Pozostałe informacje", "content": "Producent:HJH Polska S.A.\nPudliszki\nul. Fabryczna 7\n63-840 KrobiaDystrybutor:HJH Polska S.A.Pudliszki ul. Fa bryczna 7Nazwa wymagana prawnie:Sos do spaghetti po bolońsku"}], "images": ["data/images/a856a53bc25ebb2fbbbb8a5ca21c69fe.jpg"], "absolute_path": "Artykuły spożywcze/Sosy/Sosy gotowe/Produkt 5"}
{"name": "Produkt 2", "url": "https://zakupy.biedronka.pl/barilla-barilla-arrabbiata-sos-pomidorowy-z-papryka-chili-400-g-0000004283.html", "title": "Barilla Arrabbiata Sos pomidorowy z papryką chili 400 g", "brand": "Barilla", "price": "9.49 PLN", "packaging_details": "0.4kg- 23,73 zł / kg", "description_sections": [{"header": "Opis produktu", "content": "Pikantna świeżość papryczek peperoncino rozgrzewa smak dojrzewających na słonecznych polach pomidorów. To właśnie sos Arrabbiata, przygotowany zgodnie z tradycją bez dodatku konserwantów i gotowy do podania z makaronem, nadając mu zdecydowany charakter.Najlepszym makaronem do delektowania się wszystkimi niuansami sosu Arrabbiata jest poręczna forma Penne Rigate. Aby wydobyć pełnię smaku, zalecamy podgrzanie przed podaniem."}, {"header": "Składniki i alergeny", "content": "Składniki:pulpa pomidorowa 82 %,koncentrat pomidorowy 8 %,olej słonecznikowy,czerwona papryka,czosnek,sól,pietruszka,cukier,papryka chili 0,1 %Alergeny:Nie zawiera Zboża zawierające gluten"}, {"header": "Wartość odżywcza", "content": "W 100 gWartość energetyczna60 kcalTłuszcz3.1 gw tym kwasy tłuszczowe nasycone0.3 gWęglowodany5.5 gw tym cukry5 gBłonnik2.2 gBiałko1.4 gSól1 g"}, {"header": "Pozostałe informacje", "content": "Producent:Barilla G. e R. Fratelli\nSocietà per Azioni\nVia Mantova, 166\n43122 Parma\nItalyNazwa wymagana prawnie:Barilla Arrabbiata Sos pomidorowy z papryką chili 400 g"}], "images": ["data/images/9b324b454e395ca168c80092408f0a25.jpg"], "absolute_path": "Artykuły spożywcze/Sosy/Sosy gotowe/Produkt 2"}
{"name": "Produkt 1", "url": "https://zakupy.biedronka.pl/culineo-culineo-sos-bolonski-520-g-0000001015.html", "title": "Culineo Sos Boloński 520 g", "brand": "Culineo", "price": "5.59 PLN", "packaging_details": "0.52kg- 10,75 zł / kg", "description_sections": [{"header": "Opis produktu", "content": "Nutriscore:C"}, {"header": "Składniki i alergeny", "content": "Składniki:pomidory (147g pomidorów na 100g produktu), cebula (12%), cukier,seler(2%), marchew (2%), sól, olej rzepakowy, czosnek, zioła, przyprawy, regulator kwasowości: kwas cytrynowy, koncentrat z czarnej marchwiAlergeny:Seler i produkty pochodneInne informacje o zawartości produktu:Zawiera surowce GMO:Nie, \n\nZawiera wzmacniacze smaku:Nie, \n\nPoziom znakowania Nutriscore:C, \n\nDodatkowe informacje na temat produktu:Bez dodatku wzmacniaczy smaku i substancji zagęszczających."}, {"header": "Wartość odżywcza", "content": "W 100 gWartość energetyczna kcal53 kcalZawartość tłuszczów (ogólnie)0.8 gKwasy tłuszczowe nasycone0.1 gZawartość węglowodanów8.8 gCukry7.7 gZawartość błonnika0.8 gZawartość białek1.6 gZawartość soli1.6 g"}, {"header": "Pozostałe informacje", "content": "Dystrybutor:Jeronimo Martins Polska S.A.Żniwna 5 62-025 KostrzynNazwa wymagana prawnie:Sos pomidorowy z warzywami. Produkt pasteryzowany."}], "images": ["data/images/1ef052586edfdb3a2fbf1e230c8f60a1.jpg"], "absolute_path": "Artykuły spożywcze/Sosy/Sosy gotowe/Produkt 1"}
{"name": "Produkt 3", "url": "https://zakupy.biedronka.pl/lowicz-lowicz-sos-slodko-kwasny-500-g-0000015989.html", "title": "Łowicz Sos słodko-kwaśny 500 g", "brand": "Łowicz", "price": "8.49 PLN", "packaging_details": "0.5kg- 16,98 zł / kg", "description_sections": [{"header": "Składniki i alergeny", "content": "Składniki:woda,cukier,marchew,cebula (8,8 %),pomidory (8 %),koncentrat pomidorowy (5 %),papryka czerwona (4,4 %),papryka zielona (4,4 %),ananas (3,4 %),przecier jabłkowy,ocet spirytusowy,skrobia modyfikowana kukurydziana,pędy bambusa (2 %),sól,przyprawy,ekstrakty przypraw,zioła,ekstrakty warzyw,aromatyAlergeny:Może zawierać SelerInne informacje o zawartości produktu:konserwanty:Nie zawiera"}, {"header": "Wartość odżywcza", "content": "W 100 gWartość energetyczna75 kcalTłuszcz0.5 gw tym kwasy tłuszczowe nasycone0.1 gWęglowodany17 gw tym cukry17 gBiałko1.1 gSól1.1 g"}, {"header": "Pozostałe informacje", "content": "Producent:MW FOOD Sp. z o.o.\nul. Chopina 10\n34-100 Wadowice,\nwww.mojlowicz.plDystrybutor:MW FOOD Sp. z o.o.ul. Chopina 10 34-100 WadowiceNazwa wymagana prawnie:Sos słodko-kwaśny. Sos warzywno-pomidorowy z kawałkami ananasa. Pasteryzowany."}], "images": ["data/images/5e7c111332c2b2cb26151aa4bfec83d8.jpg", "data/images/3fddf864c5fa0c18e95f50055068214b.jpg"], "absolute_path": "Artykuły spożywcze/Sosy/Sosy gotowe/Produkt 3"}
{"name": "Produkt 4", "url": "https://zakupy.biedronka.pl/barilla-barilla-basilico-sos-pomidorowy-z-bazylia-400-g-0000004280.html", "title": "Barilla Basilico Sos pomidorowy z bazylią 400 g", "brand": "Barilla", "price": "9.49 PLN", "packaging_details": "0.4kg- 23,73 zł / kg", "description_sections": [{"header": "Opis produktu", "content": "Słodkie pomidory uprawiane na słonecznych polach i pachnące listki bazylii. To najbardziej klasyczny z sosów, przygotowany bez konserwantów, świeży i domowy - rezultat naszego doświadczenia w kuchni. Gotowy do podania."}, {"header": "Składniki i alergeny", "content": "Składniki:pulpa pomidorowa 72 %,koncentrat pomidorowy 14 %,cebula,olej słonecznikowy,bazylia 2 %,cukier,sól,naturalne aromatyAlergeny:Nie zawiera Zboża zawierające glutenInne informacje o zawartości produktu:Smaki / Aromaty:Zawiera"}, {"header": "Wartość odżywcza", "content": "W 100 gWartość energetyczna64 kcalTłuszcz2.6 gw tym kwasy tłuszczowe nasycone0.3 gWęglowodany7.6 gw tym cukry5.9 gBłonnik1.9 gBiałko1.6 gSól0.9 g"}, {"header": "Pozostałe informacje", "content": "Producent:Barilla G. e R. Fratelli\nSocietà per Azioni\nVia Mantova, 166\n43122 Parma\nItalyNazwa wymagana prawnie:Barilla Basilico Sos pomidorowy z bazylią 400 g"}], "images": ["data/images/3d444db4f1c249c1d8a64e9c22c1d43a.jpg"], "absolute_path": "Artykuły spożywcze/Sosy/Sosy gotowe/Produkt 4"}
{"name": "Produkt 8", "url": "https://zakupy.biedronka.pl/mutti-mutti-sos-pomidorowy-z-grillowanymi-warzywami-400-g-0000007312.html", "title": "Mutti Sos pomidorowy z grillowanymi warzywami 400 g", "brand": "Mutti", "price": "11.99 PLN", "packaging_details": "0.4kg- 29,98 zł / kg", "description_sections": [{"header": "Opis produktu", "content": "Gotowy sos pomidorowy na bazie Pulpy Mutti z dodatkiem grillowanych warzyw. Typowe dla włoskiej kuchni połączenie prostych składników najwyżej jakości i intensywnego smaku pomidorów w łatwej i przystępnej postaci, to rozwiązanie idealne dla każdego, kto szuka bezkompromisowej jakości Mutti oraz wygody i oszczędności czasu. Sosy Mutti są wolne od GMO i nie zawierają żadnych sztucznych dodatków. Sprawdź, jak autentyczny, aksamitny smak pomidorów z grillowanymi warzywami sprawi, że niepowtarzalny klimat słonecznej Parmy zawita do Twojego domu"}, {"header": "Składniki i alergeny", "content": "Składniki:pulpa pomidorowa 57,2 %, passata (przecier) z pomidorów Rossoro 20 %, koncentrat pomidorowy 5 %, grillowane bakłazany 5 %, grillowana cebula Cipolla Rossa di Tropea Calabria ChOG* 5 %, grillowana żółta papryka 4 %, oliwa z oliwek, naturalne aromaty, sól, oregano, czosnek, czarny pieprz. *ChOG – Chronione Oznaczenie Geograficzne.Inne informacje o zawartości produktu:Zawiera surowce GMO:Nie"}, {"header": "Wartość odżywcza", "content": "W 100 gWartość energetyczna kcal47 kcalZawartość tłuszczów (ogólnie)1.9 gKwasy tłuszczowe nasycone0.3 gZawartość węglowodanów5 gCukry4.8 gZawartość białek1.9 gZawartość soli0.55 g"}, {"header": "Pozostałe informacje", "content": "Kraj pochodzenia:WłochyKraj pochodzenia zależy od konkretnej partii produktu jaka znajduje się w sklepie. Informację o kraju pochodzenia znajdziesz na opakowaniu. Możesz również dodać komentarz z preferowanym typem produktu w koszyku lub wiadomości dla shoppera (np. “prosze o pomidory polskie”).Dystrybutor:Develey Polska Sp. z o.o.Batalionu Platerówek 3 03-308 Warszawaagnieszka.marchewka@develey.plNazwa wymagana prawnie:Mutti Sos pomidorowy z grillowanymi warzywami 400 g"}], "images": ["data/images/9e537e07ffe83394af8fa2095c8daaf9.jpg"], "absolute_path": "Artykuły spożywcze/Sosy/Sosy gotowe/Produkt 8"}
{"name": "Produkt 7", "url": "https://zakupy.biedronka.pl/pataks-pataks-tikka-masala-kremowy-sos-pomidorowy-z-nuta-kolendry-450-g-0000008232.html", "title": "Patak's Tikka Masala Kremowy sos pomidorowy z nutą kolendry 450 g", "brand": "Patak's", "price": "8.49 PLN", "packaging_details": "0.45kg- 18,87 zł / kg", "description_sections": [{"header": "Składniki i alergeny", "content": "Składniki:woda,pomidory (15%),jogurt(zmleka) (6%),pasta pomidorowa (4%),olej rzepakowy,śmietana(zmleka) (3%),skrobia modyfikowana kukurydziana,mielone przyprawy (2%),cukier,suszona cebula,puree z czosnku,puree z imbiru,sól,kwas (kwas mlekowy),ekstrakt z papryki,nasiona kminu rzymskiego,suszony liść kolendryAlergeny:Nie zawiera Zboża zawierające gluten, \n\nZawiera Mleko, \n\nMoże zawierać Orzechy, \n\nMoże zawierać Orzeszki ziemne"}, {"header": "Wartość odżywcza", "content": "Wartość energetyczna84 kcalTłuszcz4.7 gw tym kwasy tłuszczowe nasycone0.8 gWęglowodany8.4 gw tym cukry4.3 gBiałko1.4 gSól0.72 g"}, {"header": "Przechowywanie i sposób przygotowania", "content": "Sposób podania:Produkt należy podgrzać przed podaniem.Produkt spożyć bezpośrednio po otwarciu."}, {"header": "Pozostałe informacje", "content": "Producent:AB Foods Polska Sp. z o.o.,\nul. Przemysłowa 2,\n67-100 Nowa Sól,\nPolskaDystrybutor:AB Foods Polska Sp. z o.o.ul. Przemysłowa 2 67-100 Nowa SólNazwa wymagana prawnie:Kremowy sos pomidorowy na bazie śmietany i jogurtu z mieszanką aromatycznych przypraw."}], "images": ["data/images/b0fd7ffbcea7bd3ec872104f180a76b3.jpg"], "absolute_path": "Artykuły spożywcze/Sosy/Sosy gotowe/Produkt 7"}
{"name": "Produkt 6", "url": "https://zakupy.biedronka.pl/culineo-culineo-sos-spaghetti-520-g-0000001014.html", "title": "Culineo Sos Spaghetti 520 g", "brand": "Culineo", "price": "5.59 PLN", "packaging_details": "0.52kg- 10,75 zł / kg", "description_sections": [{"header": "Opis produktu", "content": "Nutriscore:B"}, {"header": "Składniki i alergeny", "content": "Składniki:pomidory (147g pomidorów na 100g produktu), cebula (12%), cukier, marchew (2%), sól, olej rzepakowy, czosnek, zioła, przyprawy, regulator kwasowości: kwas cytrynowy, koncentrat z czarnej marchwi. Może zawieraćselerInne informacje o zawartości produktu:Zawiera surowce GMO:Nie, \n\nZawiera wzmacniacze smaku:Nie, \n\nPoziom znakowania Nutriscore:B, \n\nDodatkowe informacje na temat produktu:Bez dodatku wzmacniaczy smaku i substancji zagęszczających"}, {"header": "Wartość odżywcza", "content": "W 100 gWartość energetyczna kcal49 kcalZawartość tłuszczów (ogólnie)0.6 gKwasy tłuszczowe nasycone0.1 gZawartość węglowodanów8.3 gCukry8.3 gZawartość błonnika0.9 gZawartość białek1.6 gZawartość soli1.4 g"}, {"header": "Pozostałe informacje", "content": "Dystrybutor:Jeronimo Martins Polska S.A.Żniwna 5 62-025 KostrzynNazwa wymagana prawnie:Sos pomidorowy z warzywami. Produkt pasteryzowany"}], "images": ["data/images/d6901306d70e1dab5bca38861a2902fb.jpg"], "absolute_path": "Artykuły spożywcze/Sosy/Sosy gotowe/Produkt 6"}
{"name": "Produkt 9", "url": "https://zakupy.biedronka.pl/mutti-mutti-sos-pomidorowy-classica-400-g-0000008462.html", "title": "Mutti Sos pomidorowy classica 400 g", "brand": "Mutti", "price": "7.49 PLN", "packaging_details": "0.4kg- 18,73 zł / kg", "description_sections": [{"header": "Opis produktu", "content": "Gwarancja 100% włoskich upraw pomidorów ze słonecznych rejonów Parmy."}, {"header": "Składniki i alergeny", "content": "Składniki:pomidory 82,4%, woda, sól.Inne informacje o zawartości produktu:Zawiera surowce GMO:Nie"}, {"header": "Wartość odżywcza", "content": "W 100 gWartość energetyczna kcal37 kcalZawartość tłuszczów (ogólnie)0.5 gKwasy tłuszczowe nasycone0.1 gZawartość węglowodanów5.9 gCukry5.2 gZawartość białek1.7 gZawartość soli0.53 g"}, {"header": "Pozostałe informacje", "content": "Kraj pochodzenia:WłochyKraj pochodzenia zależy od konkretnej partii produktu jaka znajduje się w sklepie. Informację o kraju pochodzenia znajdziesz na opakowaniu. Możesz również dodać komentarz z preferowanym typem produktu w koszyku lub wiadomości dla shoppera (np. “prosze o pomidory polskie”).Producent:Mutti S.p.A.,\nVia Traversetolo, 28\n43022 Montechiarugolo,\nParma,\nWłochyDystrybutor:Develey Polska Sp. z o.o.Batalionu Platerówek 3 03-308 Warszawaagnieszka.marchewka@develey.plImporter:Develey Polska Sp. z o.o.Batalionu Platerówek 3 03-308 Warszawa PLagnieszka.marchewka@develey.plNazwa wymagana prawnie:Mutti Sos pomidorowy classica 400g"}], "images": ["data/images/80c572df0b6d73114e994242eb117b29.jpg"], "absolute_path": "Artykuły spożywcze/Sosy/Sosy gotowe/Produkt 9"}
{"name": "Produkt 10", "url": "https://zakupy.biedronka.pl/go-vege-go-vege-sos-z-jalape%C3%B1o-410-g-0000007805.html", "title": "Go Vege Sos z jalapeño 410 g", "brand": "Go Vege", "price": "5.99 PLN", "packaging_details": "0.41kg- 14,61 zł / kg", "description_sections": [{"header": "Składniki i alergeny", "content": "Składniki:woda, olej rzepakowy, cukier, ogórki (7 %), papryczka chili jalapeno (6 %), skrobia modyfikowana kukurydziana, ocet spirytusowy, sól, przyprawy (zawierajągorczycę), substancja zagęszczająca: guma ksantanowa; naturalny aromatAlergeny:Gorczyca i produkty pochodneInne informacje o zawartości produktu:Zawiera surowce GMO:Nie, \n\nInformacje szczegółowe dotyczące środków słodzących:zawiera cukier (cukry) i substancję słodzącą, \n\nZawiera aromaty:Tak"}, {"header": "Wartość odżywcza", "content": "W 100 gWartość energetyczna kcal279 kcalZawartość tłuszczów (ogólnie)25 gKwasy tłuszczowe nasycone1.9 gZawartość węglowodanów12 gCukry8 gZawartość błonnika0 gZawartość białek0 gZawartość soli1.7 g"}, {"header": "Pozostałe informacje", "content": "Producent:Jeronimo Martins Polska S.A.Dystrybutor:Jeronimo Martins Polska S.A.Żniwna 5 62-025 KostrzynImporter:Jeronimo Martins Polska S.A.Żniwna 5 62-025 Kostrzyn PLNazwa wymagana prawnie:Wegański pikantny sos z papryką jalapeno pasteryzowany"}], "images": ["data/images/29aa4ef33529a223aeb655b30574afb9.jpg", "data/images/91b4bde1630a6917e5b888cc5ed3db15.jpg"], "absolute_path": "Artykuły spożywcze/Sosy/Sosy gotowe/Produkt 10"}
{"name": "Produkt 11", "url": "https://zakupy.biedronka.pl/mutti-mutti-sos-pomidorowy-z-serem-parmigiano-reggiano-400-g-0000007311.html", "title": "Mutti Sos pomidorowy z serem Parmigiano Reggiano 400 g", "brand": "Mutti", "price": "11.99 PLN", "packaging_details": "0.4kg- 29,98 zł / kg", "description_sections": [{"header": "Opis produktu", "content": "Bez dodatku cukrów. Zawiera naturalnie występujące cukry."}, {"header": "Składniki i alergeny", "content": "Składniki:pulpa pomidorowa 60,6 %,passata (przecier) z pomidorów Rossoro 20 %,koncentrat pomidorowy 7,1 %,marchew,serParmigiano Reggiano ChNP* (mleko, sól, podpuszczka) 4 %,oliwa z oliwek,cebula szalotka,sól,naturalne aromaty,pieprz czarny,*ChNP - Chroniona Nazwa Pochodzenia. Autoryzacja Konsorcjum Parmigiano ReggianoAlergeny:Zawiera Mleko"}, {"header": "Wartość odżywcza", "content": "W 100 gWartość energetyczna67 kcalTłuszcz3.5 gw tym kwasy tłuszczowe nasycone1 gWęglowodany5 gw tym cukry4.8 gBiałko3.1 gSól0.88 g"}, {"header": "Pozostałe informacje", "content": "Dystrybutor:Mutti S.p.A.via Traversetolo 28 43022 MontechiarugoloNazwa wymagana prawnie:Sos pomidorowy z serem Parmigiano Reggiano 4 %."}], "images": ["data/images/162854c042625fbaa1935d73539615b6.jpg"], "absolute_path": "Artykuły spożywcze/Sosy/Sosy gotowe/Produkt 11"}
{"name": "Produkt 14", "url": "https://zakupy.biedronka.pl/barilla-barilla-aglio-sos-pomidorowy-z-czosnkiem-i-czerwonym-winem-400-g-0000004279.html", "title": "Barilla Aglio Sos pomidorowy z czosnkiem i czerwonym winem 400 g", "brand": "Barilla", "price": "9.49 PLN", "packaging_details": "0.4kg- 23,73 zł / kg", "description_sections": [{"header": "Opis produktu", "content": "100% włoskich pomidorów w połączeniu z czosnkiem i ziołami - idealny, prosty i aromatyczny sos gotowy do spożycia lub baza do sosów mięsnych. Jak wszystkie inne sosy Barilla, również i ten produkowany jest bez dodatku konserwantów i barwników Oprócz czosnku, znajduje się w nim pietruszka i oregano, które dają mu niepowtarzalny charakter."}, {"header": "Składniki i alergeny", "content": "Składniki:woda,koncentrat pomidorowy 26 %,pulpa pomidorowa 13 %,odtworzona cebula,odtworzony czosnek 3,7 %,czerwone wino 3 %,cukier,sól,olej słonecznikowy,pietruszka,ocet winny,oreganoAlergeny:Nie zawiera Zboża zawierające gluten"}, {"header": "Wartość odżywcza", "content": "W 100 gWartość energetyczna46 kcalTłuszcz0.8 gw tym kwasy tłuszczowe nasycone0.2 gWęglowodany6.9 gw tym cukry5.5 gBłonnik2.2 gBiałko1.7 gSól0.73 g"}, {"header": "Pozostałe informacje", "content": "Producent:Barilla G. e R. Fratelli\nSocietà per Azioni\nVia Mantova, 166\n43122 Parma\nItalyNazwa wymagana prawnie:Barilla Aglio Sos pomidorowy z czosnkiem i czerwonym winem 400 g"}], "images": ["data/images/141f3e1ee870b35b4cf874229d711bd4.jpg"], "absolute_path": "Artykuły spożywcze/Sosy/Sosy gotowe/Produkt 14"}
{"name": "Produkt 12", "url": "https://zakupy.biedronka.pl/pataks-pataks-korma-kremowy-sos-z-wiorkami-kokosowymi-i-cebula-450-g-0000008231.html", "title": "Patak's Korma Kremowy sos z wiórkami kokosowymi i cebulą 450 g", "brand": "Patak's", "price": "8.49 PLN", "packaging_details": "0.45kg- 18,87 zł / kg", "description_sections": [{"header": "Składniki i alergeny", "content": "Składniki:woda,cukier,wiórki kokosowe (4%),śmietana(zmleka) (4%),odwodniona pulpa kokosowa (4%),olej rzepakowy,skrobia modyfikowana kukurydziana,pasta pomidorowa,śmietanka (zmleka) (1%),puree z imbiru,puree z czosnku,przyprawy (1%),suszona cebula,sól,kwas (kwas mlekowy),zagęszczony sok z cytryny,suszony liść kolendryAlergeny:Nie zawiera Zboża zawierające gluten, \n\nZawiera Mleko, \n\nMoże zawierać Orzechy, \n\nMoże zawierać Orzeszki ziemne"}, {"header": "Wartość odżywcza", "content": "Wartość energetyczna146 kcalTłuszcz10.5 gw tym kwasy tłuszczowe nasycone5.7 gWęglowodany10.8 gw tym cukry6.7 gBiałko1.2 gSól0.7 g"}, {"header": "Przechowywanie i sposób przygotowania", "content": "Sposób podania:Produkt należy podgrzać przed podaniem.Produkt spożyć bezpośrednio po otwarciu."}, {"header": "Pozostałe informacje", "content": "Producent:AB Foods Polska Sp. z o.o.,\nul. Przemysłowa 2,\n67-100 Nowa Sól,\nPolskaDystrybutor:AB Foods Polska Sp. z o.o.ul. Przemysłowa 2 67-100 Nowa SólNazwa wymagana prawnie:Kremowy sos z wiórkami kokosowymi, cebulką i aromatycznymi przyprawami."}], "images": ["data/images/9d4baa97a88ae767454fa000660e46ba.jpg"], "absolute_path": "Artykuły spożywcze/Sosy/Sosy gotowe/Produkt 12"}
{"name": "Produkt 13", "url": "https://zakupy.biedronka.pl/lowicz-lowicz-sos-spaghetti-500-g-0000015990.html", "title": "Łowicz Sos spaghetti 500 g", "brand": "Łowicz", "price": "8.49 PLN", "packaging_details": "0.5kg- 16,98 zł / kg", "description_sections": [{"header": "Składniki i alergeny", "content": "Składniki:pomidory (159 g pomidorów użyto do wyprodukowania 100 g produktu),cebula,cukier,przecier jabłkowy,skrobia modyfikowana kukurydziana,olej rzepakowy,sól,regulator kwasowości - kwas cytrynowy,zioła (w tym oregano (0,15 %)),przyprawy (w tym pieprz czarny),ekstrakty przyprawAlergeny:Może zawierać SelerInne informacje o zawartości produktu:konserwanty:Nie zawiera"}, {"header": "Wartość odżywcza", "content": "W 100 gWartość energetyczna81 kcalTłuszcz2 gw tym kwasy tłuszczowe nasycone0.2 gWęglowodany14 gw tym cukry12 gBiałko1.6 gSól1.1 g"}, {"header": "Pozostałe informacje", "content": "Producent:MW FOOD Sp. z o.o.\nul. Chopina 10\n34-100 Wadowice,\nwww.mojlowicz.plDystrybutor:MW FOOD Sp. z o.o.ul. Chopina 10 34-100 WadowiceNazwa wymagana prawnie:Sos spaghetti. Sos pomidorowy z oregano. Pasteryzowany."}], "images": ["data/images/0f98273857cf82585055f3436a269ca5.jpg", "data/images/fcfa0858382fa182d75a4c8cb768ee6f.jpg"], "absolute_path": "Artykuły spożywcze/Sosy/Sosy gotowe/Produkt 13"}
{"name": "Produkt 15", "url": "https://zakupy.biedronka.pl/go-vege-go-vege-sos-czosnkowy-410-g-0000007806.html", "title": "Go Vege Sos czosnkowy 410 g", "brand": "Go Vege", "price": "5.99 PLN", "packaging_details": "0.41kg- 14,61 zł / kg", "description_sections": [{"header": "Składniki i alergeny", "content": "Składniki:woda, olej rzepakowy, czosnek (5,5 %), cukier, cebula, skrobia modyfikowana kukurydziana, ocet spirytusowy, sól,gorczyca, substancja zagęszczająca: guma ksantanowa; koncentrat soku cytrynowego, syrop cukru palonegoAlergeny:Gorczyca i produkty pochodneInne informacje o zawartości produktu:Zawiera surowce GMO:Nie, \n\nInformacje szczegółowe dotyczące środków słodzących:zawiera cukier (cukry) i substancję słodzącą"}, {"header": "Wartość odżywcza", "content": "W 100 gWartość energetyczna kcal350 kcalZawartość tłuszczów (ogólnie)34 gKwasy tłuszczowe nasycone2.5 gZawartość węglowodanów11 gCukry5.7 gZawartość błonnika0 gZawartość białek0 gZawartość soli1.3 g"}, {"header": "Pozostałe informacje", "content": "Producent:Jeronimo Martins Polska S.A.Dystrybutor:Jeronimo Martins Polska S.A.Żniwna 5 62-025 KostrzynImporter:Jeronimo Martins Polska S.A.Żniwna 5 62-025 Kostrzyn PLNazwa wymagana prawnie:Wegański sos czosnkowy pasteryzowany"}], "images": ["data/images/43d56d42de2e77247c137b3ffca10427.jpg", "data/images/bd9ca7c2195da16107ea67d6cd55bc1b.jpg"], "absolute_path": "Artykuły spożywcze/Sosy/Sosy gotowe/Produkt 15"}
{"name": "Produkt 18", "url": "https://zakupy.biedronka.pl/fanex-fanex-sos-czosnkowy-400-g-0000007729.html", "title": "Fanex Sos czosnkowy 400 g", "brand": "Fanex", "price": "7.79 PLN", "packaging_details": "0.4kg- 19,48 zł / kg", "description_sections": [{"header": "Opis produktu", "content": "Aromatyczny, delikatny, kremowy sos odpowiedni do potraw z ryb, ziemniaków i wszelkiego rodzaju pieczeni z mięsa. Jego wyraźny smak zaspokoi najbardziej wybredne podniebienia."}, {"header": "Składniki i alergeny", "content": "Składniki:olej rzepakowy, woda, cukier,musztarda(woda, GORCZYCA, ocet spirytusowy, cukier, sól), ocet spirytusowy, MLEKOw proszku odtłuszczone, sól, ekstrakt czosnku i czosnek granulowany (1,1%), skrobia modyfikowana, substancje zagęszczające (guma guar, guma ksantanowa), substancje konserwujące (benzoesan sodu, sorbinian potasu), regulator kwasowości (kwas cytrynowy), aromat naturalny, barwnik (karoteny), przeciwutleniacz (sól wapniowo-disodowa EDTA).Alergeny:Gorczyca i produkty pochodne, \n\nMleko i produkty pochodne (łącznie z laktozą)Inne informacje o zawartości produktu:Zawiera surowce GMO:Nie, \n\nZawiera przeciwutleniacze:Tak, \n\nZawiera barwniki:Tak, \n\nZawiera substancje konserwujące:Tak"}, {"header": "Wartość odżywcza", "content": "W 100 gWartość energetyczna kcal445 kcalZawartość tłuszczów (ogólnie)46 gKwasy tłuszczowe nasycone3.3 gZawartość węglowodanów6.6 gCukry4.9 gZawartość białek0.7 gZawartość soli1.4 g"}, {"header": "Pozostałe informacje", "content": "Kraj pochodzenia:PolskaKraj pochodzenia zależy od konkretnej partii produktu jaka znajduje się w sklepie. Informację o kraju pochodzenia znajdziesz na opakowaniu. Możesz również dodać komentarz z preferowanym typem produktu w koszyku lub wiadomości dla shoppera (np. “prosze o pomidory polskie”).Producent:Fanex Sp. z o.o.\n05-870 Błonie,\nRadonice 5a\ntel. (22) 47 10 444\nfax (22) 72 53 094\nwww.fanex.plDystrybutor:Fanex Sp. z o.o.Radonice 5A 05-870 BłonieNazwa wymagana prawnie:Fanex Sos czosnkowy 400 g"}], "images": ["data/images/810a8c1acb33ce350dda7254d711c802.jpg"], "absolute_path": "Artykuły spożywcze/Sosy/Sosy gotowe/Produkt 18"}
{"name": "Produkt 17", "url": "https://zakupy.biedronka.pl/culineo-culineo-sos-slodko-kwasny-520-g-0000000994.html", "title": "Culineo Sos słodko-kwaśny 520 g", "brand": "Culineo", "price": "5.59 PLN", "packaging_details": "0.52kg- 10,75 zł / kg", "description_sections": [{"header": "Opis produktu", "content": "Nutriscore:C"}, {"header": "Składniki i alergeny", "content": "Składniki:pomidory (wyprodukowano z 42 g pomidorów na 100 g produktu, cukier, woda, cebula (7 %), ananas [7 %], marchew (6 %], papryka [6 %], pędy bambusa [3,5 %], skrobia modyfikowana kukurydziana, ocet spirytusowy, sól, przyprawy, zioła."}, {"header": "Pozostałe informacje", "content": "Dystrybutor:Jeronimo Martins Polska S.A.Żniwna 5 62-025 Kostrzyn PLImporter:Jeronimo Martins Polska S.A.Żniwna 5 62-025 Kostrzyn PLNazwa wymagana prawnie:Sos warzywny z dodatkiem pędów bambusa i ananasa, pasteryzowany."}], "images": ["data/images/0425a00d2b6e0027b7e5ee2ce98a57e2.jpg"], "absolute_path": "Artykuły spożywcze/Sosy/Sosy gotowe/Produkt 17"}
{"name": "Produkt 20", "url": "https://zakupy.biedronka.pl/pudliszki-pudliszki-sos-do-makaronu-z-pieczarkami-500-g-0000010771.html", "title": "Pudliszki Sos do makaronu z pieczarkami 500 g", "brand": "Pudliszki", "price": "7.99 PLN", "packaging_details": "0.5kg- 16,65 zł / kg", "description_sections": [{"header": "Opis produktu", "content": "Sos do makaronu z pieczarkami Pudliszki to najlepszy przyjaciel każdego obiadu. Jest tak pyszny, że nie wymaga żadnych dodatków. Smakuje doskonale zarówno na ciepło, jak i na zimno."}, {"header": "Składniki i alergeny", "content": "Składniki:pomidory (84 g pomidorów na 100 g produktu),pieczarki 16%,warzywa (cebula, marchew),cukier,skrobia kukurydziana,sól,olej rzepakowy,regulator kwasowości (kwas cytrynowy),zioła,przyprawy,koncentraty (czarnej porzeczki, czarnej marchwi),naturalny aromat pieczarkiInne informacje o zawartości produktu:Sztuczne konserwanty:Nie zawiera"}, {"header": "Wartość odżywcza", "content": "Wartość energetyczna58 kcalTłuszcz1.1 gw tym kwasy tłuszczowe nasycone0.1 gWęglowodany9.6 gw tym cukry6.6 gBłonnik1.7 gBiałko1.6 gSól1.3 g"}, {"header": "Pozostałe informacje", "content": "Producent:HJH Polska S.A.\nPudliszki\nul. Fabryczna 7\n63-840 KrobiaDystrybutor:HJH Polska S.A.Pudliszki ul. Fa bryczna 7Nazwa wymagana prawnie:Sos do makaronu z pieczarkami"}], "images": ["data/images/beaabbbb8f5182d1ab891515516e6dda.jpg"], "absolute_path": "Artykuły spożywcze/Sosy/Sosy gotowe/Produkt 20"}
{"name": "Produkt 19", "url": "https://zakupy.biedronka.pl/gusto-bello-gusto-bello-sos-pomidorowy-z-czosnkiem-sugo-marinara-600-g-0000009008.html", "title": "Gusto Bello Sos pomidorowy z czosnkiem Sugo marinara 600 g", "brand": "Gusto Bello", "price": "8.99 PLN", "packaging_details": "0.6kg- 14,98 zł / kg", "description_sections": [{"header": "Składniki i alergeny", "content": "Składniki:włoskie pomidory 88%, cebula, olej słonecznikowy, bazylia, cukier, czosnek 1,4%, sól, oliwa z oliwek extra virgin.Inne informacje o zawartości produktu:Zawiera surowce GMO:Nie, \n\nInformacje szczegółowe dotyczące środków słodzących:zawiera cukier (cukry) i substancję słodzącą, \n\nDodatkowe informacje na temat produktu:Może dojść do wytrącenia składników, dobrze wstrząsnąć przed otwarciem."}, {"header": "Wartość odżywcza", "content": "W 100 gWartość energetyczna kcal68 kcalZawartość tłuszczów (ogólnie)3.2 gKwasy tłuszczowe nasycone0.3 gZawartość węglowodanów6.8 gCukry5.4 gZawartość błonnika1.7 gZawartość białek1.8 gZawartość soli1.5 g"}, {"header": "Pozostałe informacje", "content": "Kraj pochodzenia:WłochyKraj pochodzenia zależy od konkretnej partii produktu jaka znajduje się w sklepie. Informację o kraju pochodzenia znajdziesz na opakowaniu. Możesz również dodać komentarz z preferowanym typem produktu w koszyku lub wiadomości dla shoppera (np. “prosze o pomidory polskie”).Dystrybutor:Jeronimo Martins Polska S.A.Żniwna 5 62-025 KostrzynNazwa wymagana prawnie:Sos do makaronu marinara - pomidorowy z czosnkiem"}], "images": ["data/images/6db2e347f8fef4857b7ff15bec6d4fd5.jpg", "data/images/4849f9fe4c4312c0ee4c322ef6645c27.jpg", "data/images/69aba8581aa200197adf00b516fb9ea1.jpg"], "absolute_path": "Artykuły spożywcze/Sosy/Sosy gotowe/Produkt 19"}
{"name": "Produkt 16", "url": "https://zakupy.biedronka.pl/pataks-pataks-tandoori-sos-pomidorowy-z-cebula-i-migdalami-450-g-0000008230.html", "title": "Patak's Tandoori Sos pomidorowy z cebulą i migdałami 450 g", "brand": "Patak's", "price": "8.49 PLN", "packaging_details": "0.45kg- 18,87 zł / kg", "description_sections": [{"header": "Składniki i alergeny", "content": "Składniki:woda,pasta pomidorowa (5%),cukier,śmietana(zmleka) (3%),masło(zmleka),skrobia modyfikowana kukurydziana,olej rzepakowy,suszona cebula,przyprawy (przyprawy, kolendra, kmin rzymski),ocet spirytusowy,puree z imbiru,czerwona cebula w proszku,sól,czosnek w proszku,mielonemigdały,wędzona papryka,tamarynd,ekstrakt z papryki,kwas (kwas octowy)Alergeny:Zawiera Migdały, \n\nNie zawiera Zboża zawierające gluten, \n\nZawiera Mleko, \n\nMoże zawierać Orzechy, \n\nMoże zawierać Orzeszki ziemne"}, {"header": "Wartość odżywcza", "content": "Wartość energetyczna100 kcalTłuszcz5.7 gw tym kwasy tłuszczowe nasycone2.2 gWęglowodany10.4 gw tym cukry7.1 gBiałko1 gSól0.73 g"}, {"header": "Przechowywanie i sposób przygotowania", "content": "Sposób podania:Produkt należy podgrzać przed podaniem.Produkt spożyć bezpośrednio po otwarciu."}, {"header": "Pozostałe informacje", "content": "Producent:AB Foods Polska Sp. z o.o.,\nul. Przemysłowa 2,\n67-100 Nowa Sól,\nPolskaDystrybutor:AB Foods Polska Sp. z o.o.ul. Przemysłowa 2 67-100 Nowa SólNazwa wymagana prawnie:Kremowy sos pomidorowy z cebulą, migdałami i nutą wędzonej papryki."}], "images": ["data/images/b8e124f32557f1ccf33f7bf678f46095.jpg"], "absolute_path": "Artykuły spożywcze/Sosy/Sosy gotowe/Produkt 16"}
{"name": "Produkt 25", "url": "https://zakupy.biedronka.pl/mutti-mutti-sos-do-makaronu-arrabbiata-z-papryczkami-chili-400-g-0000007314.html", "title": "Mutti Sos do makaronu Arrabbiata z papryczkami chili 400 g", "brand": "Mutti", "price": "11.99 PLN", "packaging_details": "0.4kg- 29,98 zł / kg", "description_sections": [{"header": "Opis produktu", "content": "Bez dodatku cukrów. Zawiera naturalnie występujące cukry."}, {"header": "Składniki i alergeny", "content": "Składniki:pulpa pomidorowa 60 %,passata (przecier) z pomidorów Pizzutello 20 %,koncentrat pomidorowy 7,5 %,papryka czerwona,oliwa z oliwek,cebula,pietruszka,papryka chili 0,5 %,bazylia,sól,naturalne aromaty,czosnek,ekstrakt paprykiAlergeny:Może zawierać Mleko, \n\nMoże zawierać OrzechyInne informacje o zawartości produktu:Smaki / Aromaty:Zawiera"}, {"header": "Wartość odżywcza", "content": "W 100 gWartość energetyczna52 kcalTłuszcz2.7 gw tym kwasy tłuszczowe nasycone0.4 gWęglowodany4.6 gw tym cukry4.2 gBiałko1.5 gSól0.94 g"}, {"header": "Pozostałe informacje", "content": "Nazwa wymagana prawnie:Sos pomidorowy z papryką chili Bez dodatku cukrów*. Produkt pasteryzowany.*Zawiera naturalnie występujące cukry."}], "images": ["data/images/c842a8781d6297647fb5409710aa6e2e.jpg"], "absolute_path": "Artykuły spożywcze/Sosy/Sosy gotowe/Produkt 25"}
{"name": "Produkt 21", "url": "https://zakupy.biedronka.pl/mutti-mutti-sos-pomidorowy-sos-do-pizzy-400-g-0000008461.html", "title": "Mutti Sos pomidorowy / Sos do pizzy 400 g", "brand": "Mutti", "price": "7.49 PLN", "packaging_details": "0.4kg- 18,73 zł / kg", "description_sections": [{"header": "Opis produktu", "content": "Gwarancja 100% włoskich upraw ze słonecznych rejonów Parmy. Wolne od GMO. Produkt bezglutenowy i odpowiedni dla wegan."}, {"header": "Składniki i alergeny", "content": "Składniki:pomidory (82,4%), woda, sól, bazylia (0,05%), oregano (0,04%), cebula (0,03%), naturalny aromat.Inne informacje o zawartości produktu:Zawiera surowce GMO:Nie, \n\nZawiera aromaty:Tak"}, {"header": "Wartość odżywcza", "content": "W 100 gWartość energetyczna kcal36 kcalZawartość tłuszczów (ogólnie)0.5 gKwasy tłuszczowe nasycone0.1 gZawartość węglowodanów5.4 gCukry4.2 gZawartość białek1.6 gZawartość soli0.75 g"}, {"header": "Pozostałe informacje", "content": "Kraj pochodzenia:WłochyKraj pochodzenia zależy od konkretnej partii produktu jaka znajduje się w sklepie. Informację o kraju pochodzenia znajdziesz na opakowaniu. Możesz również dodać komentarz z preferowanym typem produktu w koszyku lub wiadomości dla shoppera (np. “prosze o pomidory polskie”).Producent:Mutti S.p.A.\nVia Traversetolo 28\n43022 Montechiarugolo\nParma\nWłochyImporter:Develey Polska Sp. z o.o.Batalionu Platerówek 3 03-308 Warszawa PLagnieszka.marchewka@develey.plNazwa wymagana prawnie:Sos pomidorowy z przyprawami, produkt bezglutenowy i odpowiedni dla Wegan"}], "images": ["data/images/4eccc0fe2f850876b502424c847d5289.jpg"], "absolute_path": "Artykuły spożywcze/Sosy/Sosy gotowe/Produkt 21"}
{"name": "Produkt 23", "url": "https://zakupy.biedronka.pl/go-vege-go-vege-sos-z-chili-410-g-0000007804.html", "title": "Go Vege Sos z chili 410 g", "brand": "Go Vege", "price": "5.99 PLN", "packaging_details": "0.41kg- 14,61 zł / kg", "description_sections": [{"header": "Składniki i alergeny", "content": "Składniki:woda, olej rzepakowy, cukier, ocet spirytusowy, skrobia modyfikowana kukurydziana, papryka (3,5 %), sos z czerwonej papryki chili (2 %) (czerwona papryka, przecier pomidorowy, czerwona papryka chili, sól, woda, ocet spirytusowy), sól, przyprawy, chili (0,65 %), substancja zagęszczająca: guma ksantanowa; koncentrat soku cytrynowegoInne informacje o zawartości produktu:Zawiera surowce GMO:Nie, \n\nInformacje szczegółowe dotyczące środków słodzących:zawiera cukier (cukry) i substancję słodzącą"}, {"header": "Wartość odżywcza", "content": "W 100 gWartość energetyczna kcal267 kcalZawartość tłuszczów (ogólnie)25 gKwasy tłuszczowe nasycone1.9 gZawartość węglowodanów10 gCukry6.6 gZawartość błonnika0 gZawartość białek0 gZawartość soli1.6 g"}, {"header": "Pozostałe informacje", "content": "Producent:Jeronimo Martins Polska S.A.Dystrybutor:Jeronimo Martins Polska S.A.Żniwna 5 62-025 KostrzynImporter:Jeronimo Martins Polska S.A.Żniwna 5 62-025 Kostrzyn PLNazwa wymagana prawnie:Wegański pikantny sos z chili pasteryzowany"}], "images": ["data/images/3a4a3a22e642ca7a805901212b2ca5b5.jpg", "data/images/71b8c466866fc86433401eb2d0b27892.jpg"], "absolute_path": "Artykuły spożywcze/Sosy/Sosy gotowe/Produkt 23"}
{"name": "Produkt 24", "url": "https://zakupy.biedronka.pl/culineo-culineo-sos-meksykanski-520-g-0000000989.html", "title": "Culineo Sos meksykański 520 g", "brand": "Culineo", "price": "5.59 PLN", "packaging_details": "0.52kg- 10,75 zł / kg", "description_sections": [{"header": "Opis produktu", "content": "Nutriscore:C"}, {"header": "Składniki i alergeny", "content": "Składniki:pomidory [wyprodukowano z 115 g pomidorów na 100 g produktu), cebula, fasola czerwona (6 %), cukier, kukurydza [3 %), papryka czerwona [2,5 %), papryka zielona (2,5 %), skrobia modyfikowana kukurydziana, sól, przyprawy, papryka jalapeno, papryka chili, zioła, regulator kwasowości: kwas cytrynowy.Inne informacje o zawartości produktu:Zawiera surowce GMO:Nie, \n\nZawiera wzmacniacze smaku:Nie, \n\nPoziom znakowania Nutriscore:C"}, {"header": "Wartość odżywcza", "content": "W 100 gWartość energetyczna kcal65 kcalZawartość tłuszczów (ogólnie)0.5 gKwasy tłuszczowe nasycone0.1 gZawartość węglowodanów12 gCukry10 gZawartość błonnika2.3 gZawartość białek2 gZawartość soli1.5 g"}, {"header": "Pozostałe informacje", "content": "Producent:„Dawtona” Sp. z o.o.Dystrybutor:Dawtona sp. z o. o.Bieniewicka 52 05-870 Błoniedawtona@dawtona.plJeronimo Martins Polska S.A.Żniwna 5 62-025 Kostrzyn PLImporter:Jeronimo Martins Polska S.A.Żniwna 5 62-025 Kostrzyn PLbok@biedronka.plNazwa wymagana prawnie:Sos pomidorowy pikantny z warzywami, pasteryzowany."}], "images": ["data/images/649e0110fe3c459625fd2787a4b730a1.jpg", "data/images/8d1285a6b1f3514ff272fc44d9a17db9.jpg", "data/images/db107576857e936d1cdf8da3db40f0c8.jpg"], "absolute_path": "Artykuły spożywcze/Sosy/Sosy gotowe/Produkt 24"}
{"name": "Produkt 22", "url": "https://zakupy.biedronka.pl/roleski-roleski-sos-trinidad-scorpion-340-g-0000015984.html", "title": "Roleski Sos Trinidad Scorpion 340 g", "brand": "Roleski", "price": "5.99 PLN", "packaging_details": "0.34kg- 19,97 zł / kg", "description_sections": [{"header": "Opis produktu", "content": "Roleski Sos Trinidad Scorpion 340g"}, {"header": "Składniki i alergeny", "content": "Składniki:pomidory (54 g w 100 g sosu), cukier, chili (7,5 %), cebula, ocet winny biały, olej słonecznikowy, papryka czerwona, skrobia modyfikowana, czosnek, sól, naturalne aromaty, ocet spirytusowy, papryka Trinidad Scorpion (0,2 %), przyprawy."}, {"header": "Pozostałe informacje", "content": "Kraj pochodzenia:PolskaKraj pochodzenia zależy od konkretnej partii produktu jaka znajduje się w sklepie. Informację o kraju pochodzenia znajdziesz na opakowaniu. Możesz również dodać komentarz z preferowanym typem produktu w koszyku lub wiadomości dla shoppera (np. “prosze o pomidory polskie”).Nazwa wymagana prawnie:Bardzo ostry sos na bazie pomidorów z papryką Trinidad Scorpion. Produkt pasteryzowany."}], "images": ["data/images/238dc7e9fb2e8d670939bc51a3a04671.jpg"], "absolute_path": "Artykuły spożywcze/Sosy/Sosy gotowe/Produkt 22"}
{"name": "Produkt 28", "url": "https://zakupy.biedronka.pl/fanex-fanex-sos-meksykanski-450-g-0000007731.html", "title": "Fanex Sos meksykański 450 g", "brand": "Fanex", "price": "7.79 PLN", "packaging_details": "0.45kg- 19,48 zł / kg", "description_sections": [{"header": "Składniki i alergeny", "content": "Składniki:koncentrat pomidorowy (43 %),woda,papryka (20 %),cukier,musztarda(woda,gorczyca, ocet spirytusowy, cukier, sól),ocet spirytusowy,skrobia modyfikowana,sól,przyprawy,substancje zagęszczające (guma guar, guma ksantanowa),substancja konserwująca (sorbinian potasu),regulator kwasowości (kwas cytrynowy)Alergeny:Zawiera Gorczyca"}, {"header": "Wartość odżywcza", "content": "W 100 gWartość energetyczna88 kcalTłuszcz0.5 gw tym kwasy tłuszczowe nasycone0.1 gWęglowodany20 gw tym cukry18 gBiałko1.2 gSól1.3 g"}, {"header": "Przechowywanie i sposób przygotowania", "content": "Sposób podania:Przed pierwszym użyciem odkręć zakrętkę i usuń foliowe zabezpieczenie."}, {"header": "Pozostałe informacje", "content": "Producent:Fanex Sp. z o.o.\n05-870 Błonie\nRadonice 5a\ntel. (22) 47 10 444\nfax (22) 72 53 094\nwww.fanex.plDystrybutor:Fanex Sp. z o.o.05-870 Błonie Radoni ce 5aNazwa wymagana prawnie:Sos meksykański - sos pomidorowy z papryką."}], "images": ["data/images/55e1fed00cbfd2377e43b5412e737407.jpg"], "absolute_path": "Artykuły spożywcze/Sosy/Sosy gotowe/Produkt 28"}
{"name": "Produkt 1", "url": "https://zakupy.biedronka.pl/knorr-knorr-sos-salatkowy-wloski-8-g-0000010871.html", "title": "Knorr Sos sałatkowy włoski 8 g", "brand": "Knorr", "price": "1.65 PLN", "packaging_details": "0.008kg- 183,33 zł / kg", "description_sections": [{"header": "Opis produktu", "content": "Knorr Włoski Sos sałatkowy to idealny dodatek do sałatek, który dostarczy Twojemu podniebieniu niezapomnianych doznań smakowych. Ten doskonały dressing do sałatek sprawi, że Twoje zdrowe sałatki i surówki będą wyjątkowo smaczne i aromatyczne. Sos włoski pozwoli Ci stworzyć doskonałe połączenie z ulubionymi składnikami sałatek. Jego intensywny smak w zestawieniu z wyśmienitymi śródziemnomorskimi ziołami z rolnictwa zrównoważonego sprawia, że sos ten doskonale pasuje do wielu rodzajów sałatek (także wegetariańskich). Możesz go wykorzystać do klasycznej sałatki caprese lub po prostu wymieszać z ulubionymi świeżymi warzywami. Wystarczy dobrze wymieszać zawartość torebki z 3 łyżkami wody oraz 3 łyżkami oleju roślinnego. Mieszankę należy następnie dodać do sałatki lub surówki 15 minut przed jej podaniem. To łatwy i szybki sposób na podkręcenie smaku i nadanie wyrazistości naszej warzywnej kompozycji. Co ważne, sos sałatkowy Knorr to produkt bez konserwantów i glutaminianu sodu, więc stanowi lepszy wybór w Twojej kuchni. W skład sosu wchodzą naturalne składniki, które starannie dobrano w celu uzyskania najlepszego smaku i aromatu, a dodatkowo są one uprawiane w sposób zrównoważony i przyjazny dla środowiska. Dzięki temu wybierając produkty Knorr, przyczyniasz się do minimalizowania negatywnego wpływu na środowisko i wspierasz ochronę zasobów naturalnych. Wypróbuj także inne sosy sałatkowe Knorr – może do gustu przypadnie Ci sos grecki? A może masz ochotę na kulinarną wyprawę do Paryża i sos francuski? Spróbuj różnych smaków i odkryj nowe możliwości w kuchni dzięki sosom sałatkowym Knorr."}, {"header": "Składniki i alergeny", "content": "Składniki:cukier,sól jodowana,pomidory¹ (8,3 %),regulator kwasowości: octany sodu,kwas: kwas cytrynowy,cebula¹,maltodekstryna,natka pietruszki¹ (5,3 %),skrobia,mielonagorczyca,olej kukurydziany,tymianek¹ (1,8 %),błonnik cytrusowy,bazylia¹ (1,2 %),oregano,korzeń lubczyku,aromaty,pieprz,¹Uprawiane w sposób zrównoważonyAlergeny:Może zawierać Jęczmień, \n\nMoże zawierać Seler, \n\nMoże zawierać Jaja, \n\nMoże zawierać Mleko, \n\nZawiera Gorczyca, \n\nMoże zawierać Owies, \n\nMoże zawierać Żyto, \n\nMoże zawierać Soja, \n\nMoże zawierać PszenicaInne informacje o zawartości produktu:Smaki / Aromaty:Zawiera, \n\nkonserwanty:Nie zawiera"}, {"header": "Przechowywanie i sposób przygotowania", "content": "Sposób podania:Sposób przygotowania:1. Wsyp sos sałatkowy do szklanki.2. Dodaj 3 łyżki stołowe wody i3 łyżki stołowe oleju roślinnego i dobrze wymieszaj.3. Gotowy sos wymieszaj z sałatką około 15 minut przed podaniem.Propozycja sałatki: pomidorki koktajlowe, mozzarella, bazylia."}, {"header": "Pozostałe informacje", "content": "Producent:Unilever Polska Sp. z.o.o.\nAl. Jerozolimskie 134\n02-305 Warszawa\nInfolinia: 801 109 387,\ncałkowity koszt połączenia: 1 impuls wg taryfy operatora\nOdwiedź: www.przepisy.plDystrybutor:Unilever Polska Sp. z.o.o.Al. Jerozolimskie 134 02-305 Warszawa801 109 387Nazwa wymagana prawnie:Sos sałatkowy włoski."}], "images": ["data/images/1992f5da191b12f1d465833f3ce8c5b8.jpg"], "absolute_path": "Artykuły spożywcze/Sosy/Sosy sałatkowe/Produkt 1"}
{"name": "Produkt 26", "url": "https://zakupy.biedronka.pl/roleski-roleski-sos-czosnkowy-aioli-300-g-0000015983.html", "title": "Roleski Sos czosnkowy aioli 300 g", "brand": "Roleski", "price": "5.99 PLN", "packaging_details": "0.3kg- 19,97 zł / kg", "description_sections": [{"header": "Składniki i alergeny", "content": "Składniki:olej słonecznikowy (35 %),woda,czosnek (7 %),pasta czosnkowa (5,3 %) (czosnek (92 %), sól),cukier,ocet spirytusowy,żółtkojajakurzego (2,7 %),cebula,oliwa z oliwek,skrobia modyfikowana,musztarda(woda, ocet spirytusowy,gorczyca, cukier, sól, przyprawy, naturalne aromaty),sól,ekstrakt czosnku,szczypiorek suszony,przeciwutleniacz: sól wapniono-disodowa EDTA"}, {"header": "Pozostałe informacje", "content": "Nazwa wymagana prawnie:Sos czosnkowy aioli."}], "images": ["data/images/c3757ffefc2cf1a9009a74f8a9e65351.jpg"], "absolute_path": "Artykuły spożywcze/Sosy/Sosy gotowe/Produkt 26"}
{"name": "Produkt 27", "url": "https://zakupy.biedronka.pl/fanex-fanex-sos-tysiac-wysp-400-g-0000007728.html", "title": "Fanex Sos tysiąc wysp 400 g", "brand": "Fanex", "price": "7.79 PLN", "packaging_details": "0.4kg- 19,48 zł / kg", "description_sections": [{"header": "Opis produktu", "content": "Sos 1000 Wysp to jeden z najsłynniejszych sosów na świecie – gości we wnętrzu kebaba, jest podawany do frytek, hamburgerów i hot-dogów, a także do innych przekąsek. Idealnie urozmaici smak śniadaniowej kanapki czy lunchowej sałatki. Jego łagodny aromat sprawia, że pasuje niemal do każdego dania! Można go również wykorzystać jako składnik sosu do makaronu, marynaty do mięsa lub do podkreślenia smaku potraw z grilla.Jasny, łososiowy kolor sosu 1000 Wysp od Fanex, jego kremowa konsystencja oraz wyjątkowy smak to zasługa połączenia starannie wyselekcjonowanych składników (w tym przygotowywanej przez nas musztardy) oraz bukietu przypraw. Poznaj smak sosu 1000 wsyp i przekonaj się o tym, że warto mieć go w swojej kuchni!"}, {"header": "Składniki i alergeny", "content": "Składniki:Woda, olej rzepakowy 28%, cukier, koncentrat pomidorowy (4%),musztarda(woda, GORCZYCA, ocet spirytusowy, cukier, sól), skrobia modyfikowana, ocet spirytusowy, przyprawy (1,2%) (zawierają GORCZYCĘ), sól, białka MLEKA (0,9%), substancje zagęszczające (guma guar, guma ksantanowa), substancje konserwujące (benzoesan sodu, sorbinian potasu), regulator kwasowości (kwas cytrynowy).Alergeny:Gorczyca i produkty pochodne, \n\nMleko i produkty pochodne (łącznie z laktozą)Inne informacje o zawartości produktu:Zawiera surowce GMO:Nie"}, {"header": "Wartość odżywcza", "content": "W 100 gWartość energetyczna kcal301 kcalZawartość tłuszczów (ogólnie)28 gKwasy tłuszczowe nasycone2 gZawartość węglowodanów10 gCukry6.9 gZawartość białek1.1 gZawartość soli1.2 g"}, {"header": "Pozostałe informacje", "content": "Kraj pochodzenia:PolskaKraj pochodzenia zależy od konkretnej partii produktu jaka znajduje się w sklepie. Informację o kraju pochodzenia znajdziesz na opakowaniu. Możesz również dodać komentarz z preferowanym typem produktu w koszyku lub wiadomości dla shoppera (np. “prosze o pomidory polskie”).Producent:Fanex Sp. z o.o.\n05-870 Błonie\nRadonice 5a\ntel. (22) 47 10 444\nfax (22) 72 53 094\nwww.fanex.plDystrybutor:Fanex Sp. z o.o.Radonice 5A 05-870 BłonieNazwa wymagana prawnie:Fanex sos tysiąc wysp 400g"}], "images": ["data/images/3502f8926634e711f6d4d4ee3d523725.jpg"], "absolute_path": "Artykuły spożywcze/Sosy/Sosy gotowe/Produkt 27"}
{"name": "Produkt 2", "url": "https://zakupy.biedronka.pl/knorr-knorr-sos-salatkowy-grecki-9-g-0000010873.html", "title": "Knorr Sos sałatkowy grecki 9 g", "brand": "Knorr", "price": "1.65 PLN", "packaging_details": "0.009kg- 183,33 zł / kg", "description_sections": [{"header": "Opis produktu", "content": "Sos sałatkowy grecki Knorr to idealny dodatek do sałatek, który dostarczy Twojemu podniebieniu niezapomnianych doznań smakowych. Ten doskonały dressing do sałatek sprawi, że Twoje zdrowe sałatki i surówki będą wyjątkowo smaczne i aromatyczne.Sos grecki pozwoli Ci stworzyć doskonałe połączenie z ulubionymi składnikami sałatek. Jego intensywny smak w zestawieniu z wyśmienitymi ziołami z rolnictwa zrównoważonego sprawia, że sos ten doskonale pasuje do wielu rodzajów sałatek (także wegetariańskich). Możesz go wykorzystać do tradycyjnej sałatki greckiej lub po prostu wymieszać z wybranymi świeżymi warzywami.Wystarczy dobrze wymieszać zawartość torebki z 3 łyżkami wody oraz 3 łyżkami oleju roślinnego. Mieszankę należy następnie dodać do sałatki czy surówki 15 minut przed jej podaniem. To łatwy i szybki sposób na podkręcenie smaku i nadanie wyrazistości naszej warzywnej kompozycji.Co ważne, sos sałatkowy Knorr to produkt bez konserwantów, co czyni z niego lepszy wybór w Twojej kuchni. W skład sosu wchodzą naturalne składniki, które starannie dobrano w celu uzyskania najlepszego smaku i aromatu, a dodatkowo są one uprawiane w sposób zrównoważony i przyjazny dla środowiska. Dzięki temu wybierając produkty Knorr, wspomagasz minimalizowanie negatywnego wpływu na środowisko i wspierasz ochronę zasobów naturalnych.Wypróbuj także inne sosy sałatkowe Knorr – może do gustu przypadnie Ci sos włoski? A może masz ochotę na kulinarną wyprawę do Paryża i sos francuski? Spróbuj różnych smaków i odkryj nowe możliwości w kuchni dzięki sosom sałatkowym Knorr."}, {"header": "Składniki i alergeny", "content": "Składniki:cukier,sól jodowana,maltodekstryna,skrobia,regulator kwasowości: octany sodu,kwas: kwas cytrynowy,cebula¹ (4,4 %),natka pietruszki¹ (3,8 %),błonnik cytrusowy,czerwona papryka¹ (2,2 %),olej kukurydziany,cząber¹ (1,6 %),mielonagorczyca,pieprz,zielona papryka¹,sok z cytryny,sól,aromaty,mielona papryka,¹Uprawiane w sposób zrównoważonyAlergeny:Może zawierać Jęczmień, \n\nMoże zawierać Seler, \n\nMoże zawierać Jaja, \n\nMoże zawierać Mleko, \n\nZawiera Gorczyca, \n\nMoże zawierać Owies, \n\nMoże zawierać Żyto, \n\nMoże zawierać Soja, \n\nMoże zawierać PszenicaInne informacje o zawartości produktu:Smaki / Aromaty:Zawiera, \n\nkonserwanty:Nie zawiera"}, {"header": "Przechowywanie i sposób przygotowania", "content": "Sposób podania:Sposób przygotowania:1. Wsyp sos sałatkowy do szklanki.2. Dodaj 3 łyżki stołowe wody i 3 łyżki stołowe oleju roślinnego i dobrze wymieszaj.3. Gotowy sos wymieszaj z sałatką około 15 minut przed podaniem.Propozycja sałatki: czarne oliwki, ser feta, cebula, pomidorki, ogórek, sałata, papryka."}, {"header": "Pozostałe informacje", "content": "Producent:Unilever Polska Sp. z o.o.\nAl. Jerozolimskie 134\n02-305 Warszawa\nOdwiedź: www.przepisy.pl\nInfolinia: 801 109 387,\ncałkowity koszt połączenia: 1 impuls wg taryfy operatoraDystrybutor:Unilever Polska Sp. z o.o.Al. Jerozolimskie 134 02-305 Warszawa801 109 387Nazwa wymagana prawnie:Sos sałatkowy grecki."}], "images": ["data/images/583f4cede147bcfdca84ec18f0aed782.jpg"], "absolute_path": "Artykuły spożywcze/Sosy/Sosy sałatkowe/Produkt 2"}
{"name": "Produkt 4", "url": "https://zakupy.biedronka.pl/knorr-knorr-sos-koperkowo-ziolowy-9-g-0000010872.html", "title": "Knorr Sos koperkowo-ziołowy 9 g", "brand": "Knorr", "price": "1.65 PLN", "packaging_details": "0.009kg- 183,33 zł / kg", "description_sections": [{"header": "Opis produktu", "content": "Sos sałatkowy koperkowo-ziołowyPachnący koperek w połączeniu z pietruszką i szczypiorkiem znakomicie podkreśli smak Twojej sałatki z pomidorów, zielonej sałaty i ogórków lub innej kolorowej kompozycji, na którą właśnie masz ochotę!"}, {"header": "Składniki i alergeny", "content": "Składniki:cukier, sól jodowana, skrobia, kwas: kwas cytrynowy; regulator kwasowości: octany sodu; błonnik cytrusowy, koperek (5%), LAKTOZA, olej słonecznikowy, natka pietruszki (2,2%), szczypiorek (2,2%), mielona GORCZYCA, aromaty, sok z cytryny, sól, cebula, pieprz. Może zawierać gluten (zboża),jaja,sojęiseler.Alergeny:Gorczyca i produkty pochodne, \n\nMleko i produkty pochodne (łącznie z laktozą)Inne informacje o zawartości produktu:Zawiera surowce GMO:Nie"}, {"header": "Wartość odżywcza", "content": "W 100 mlWartość energetyczna kcal422 kcalZawartość tłuszczów (ogólnie)45 gKwasy tłuszczowe nasycone6.3 gZawartość węglowodanów4.5 gCukry3.6 gZawartość błonnika0.8 gZawartość białek0.5 gZawartość soli2.4 g"}, {"header": "Przechowywanie i sposób przygotowania", "content": "Sposób przygotowania:Sposób przygotowania"}, {"header": "Pozostałe informacje", "content": "Kraj pochodzenia:PolskaKraj pochodzenia zależy od konkretnej partii produktu jaka znajduje się w sklepie. Informację o kraju pochodzenia znajdziesz na opakowaniu. Możesz również dodać komentarz z preferowanym typem produktu w koszyku lub wiadomości dla shoppera (np. “prosze o pomidory polskie”).Producent:Unilever Polska Sp. z o.o.\nAl. Jerozolimskie 134\n02-305 Warszawa\nOdwiedź: www.przepisy.pl\nInfolinia: 801 109 387,\ncałkowity koszt połączenia: 1 impuls wg taryfy operatoraDystrybutor:Unilever Polska Sp. z o.o.Al. Jerozolimskie 134 02-305 Warszawainfolinia.pl@unilever.comNazwa wymagana prawnie:Sos sałatkowy koperkowo-ziołowy"}], "images": ["data/images/10a40038123e4b06c7af8a0ec0a8c1f8.jpg"], "absolute_path": "Artykuły spożywcze/Sosy/Sosy sałatkowe/Produkt 4"}
{"name": "Produkt 1", "url": "https://zakupy.biedronka.pl/kamis-kamis-pieprz-czarny-mielony-16-g-0000004086.html", "title": "Kamis Pieprz czarny mielony 16 g", "brand": "Kamis", "price": "2.19 PLN", "packaging_details": "0.016kg- 136,88 zł / kg", "description_sections": [{"header": "Opis produktu", "content": "pieprz czarny mielony"}, {"header": "Składniki i alergeny", "content": "Składniki:pieprz czarny mielonyInne informacje o zawartości produktu:Zawiera surowce GMO:Nie"}, {"header": "Pozostałe informacje", "content": "Kraj pochodzenia:PolskaKraj pochodzenia zależy od konkretnej partii produktu jaka znajduje się w sklepie. Informację o kraju pochodzenia znajdziesz na opakowaniu. Możesz również dodać komentarz z preferowanym typem produktu w koszyku lub wiadomości dla shoppera (np. “prosze o pomidory polskie”).Producent:McCormick Polska S.A.\nStefanowo\nul. Malinowa 18\\20\n05-552 Wólka KosowskaDystrybutor:McCormick Polska S.A.ul. Malinowa 18/20 05-552 Wólka Kosowskamccormick@pl.mccormick.comNazwa wymagana prawnie:Kamis Pieprz Czarny Mielony 16g"}], "images": ["data/images/46966d55e90ebdcaebad5a4877b4a57b.jpg", "data/images/ac3953bf23b0392d9ab72c3931ce0bb2.jpg"], "absolute_path": "Artykuły spożywcze/Przyprawy/Pieprz/Produkt 1"}
{"name": "Produkt 1", "url": "https://zakupy.biedronka.pl/taotao-taotao-sos-chili-slodki-200-g-0000004500.html", "title": "TaoTao Sos chili słodki 200 g", "brand": "TaoTao", "price": "7.79 PLN", "packaging_details": "0.2kg- 38,95 zł / kg", "description_sections": [{"header": "Opis produktu", "content": "Wypróbuj gotowy słodki sos chili TaoTao do pieczonych mięs, ryb, szaszłyków, kiełbasek, spaghetti, kanapek i pizzy. Doskonały również do potraw z grilla."}, {"header": "Składniki i alergeny", "content": "Składniki:Składniki: cukier (40%), woda, czerwona papryka chili (14,5%), ocet, czosnek (10%), sól, skrobia.Inne informacje o zawartości produktu:Zawiera surowce GMO:Nie, \n\nOsłonka niejadalna:Nie, \n\nInformacje szczegółowe dotyczące środków słodzących:Nie, \n\nZawiera lukrecję:Nie, \n\nZawiera chininę:Nie, \n\nZawiera taurynę:Nie, \n\nZawiera przeciwutleniacze:Nie, \n\nZawiera wzmacniacze smaku:Nie, \n\nZawiera fosforany:Nie, \n\nZawiera barwniki:Nie, \n\nZawiera substancje konserwujące:Nie, \n\nZawiera kofeinę:Nie, \n\nŚrodki spozywcze z dodatkiem fitosteroli, estrów fitosteroli, fitostanoli lub estrów fitostanoli:Nie"}, {"header": "Wartość odżywcza", "content": "W 100 mlWartość energetyczna kcal180 kcalZawartość tłuszczów (ogólnie)0 gKwasy tłuszczowe nasycone0 gZawartość węglowodanów45 gCukry42 gZawartość białek0 gZawartość soli3.2 g"}, {"header": "Pozostałe informacje", "content": "Kraj pochodzenia:TajlandiaKraj pochodzenia zależy od konkretnej partii produktu jaka znajduje się w sklepie. Informację o kraju pochodzenia znajdziesz na opakowaniu. Możesz również dodać komentarz z preferowanym typem produktu w koszyku lub wiadomości dla shoppera (np. “prosze o pomidory polskie”).Producent:Wyprodukowano wyłącznie dla:\nTAN-VIET International S.A.\nul. Marco Polo 9\n83-031 Łęgowo,\nPolska\nwww.tan-viet.com.pl\nfacebook.com\\TaoTaoHarmoniaSmaków\nwww.TaoTao.plDystrybutor:TAN-VIET International S.A.Marco Polo 9 9 83-031 ŁęgowoNazwa wymagana prawnie:Słodki sos chili. Produkt pasteryzowany"}], "images": ["data/images/2cb5521a2ea960f8e7ee769a6fbb5742.jpg"], "absolute_path": "Artykuły spożywcze/Sosy/Sosy słodkie/Produkt 1"}
{"name": "Produkt 2", "url": "https://zakupy.biedronka.pl/kamis-kamis-pieprz-czarny-ziarnisty-16-g-0000004087.html", "title": "Kamis Pieprz czarny ziarnisty 16 g", "brand": "Kamis", "price": "2.19 PLN", "packaging_details": "0.016kg- 136,88 zł / kg", "description_sections": [{"header": "Składniki i alergeny", "content": "Składniki:pieprz czarny ziarnistyInne informacje o zawartości produktu:Zawiera surowce GMO:Nie"}, {"header": "Pozostałe informacje", "content": "Kraj pochodzenia:PolskaKraj pochodzenia zależy od konkretnej partii produktu jaka znajduje się w sklepie. Informację o kraju pochodzenia znajdziesz na opakowaniu. Możesz również dodać komentarz z preferowanym typem produktu w koszyku lub wiadomości dla shoppera (np. “prosze o pomidory polskie”).Producent:McCormick Polska S.A.\nStefanowo\nul. Malinowa 18\\20\n05-552 Wólka KosowskaDystrybutor:McCormick Polska S.A.ul. Malinowa 18/20 05-552 Wólka Kosowskamccormick@pl.mccormick.comNazwa wymagana prawnie:Kamis Pieprz Czarny Ziarnisty 16g"}], "images": ["data/images/15708dabfde5cf58b9d8f81d5eaa72f5.jpg", "data/images/4d16630d8b2bd4b0576d345214366578.jpg"], "absolute_path": "Artykuły spożywcze/Przyprawy/Pieprz/Produkt 2"}
{"name": "Produkt 3", "url": "https://zakupy.biedronka.pl/knorr-knorr-sos-salatkowy-francuski-8-g-0000010870.html", "title": "Knorr Sos sałatkowy francuski 8 g", "brand": "Knorr", "price": "1.65 PLN", "packaging_details": "0.008kg- 183,33 zł / kg", "description_sections": [{"header": "Opis produktu", "content": "Intensywny smak lubczyku i trybuli idealnie komponuje się z zieloną sałatą, pomidorami i oliwkami."}, {"header": "Składniki i alergeny", "content": "Składniki:cukier, sól jodowana kwas: kwas cytrynowy; regulator kwasowości: octany sodu; cebula (7,4%) skrobia, LAKTOZA, natka pietruszki (4,7%), błonnik cytrusowy, szczypiorek, trybula (2,5%), mielona GORCZYCA, olej słonecznikowy, lubczyk, koperek , pieprz, sok z cytryny, sól. Może zawierać gluten (zboża),jaja,sojęiseler.Alergeny:Gorczyca i produkty pochodne, \n\nMleko i produkty pochodne (łącznie z laktozą)Inne informacje o zawartości produktu:Zawiera surowce GMO:Nie"}, {"header": "Wartość odżywcza", "content": "W 100 mlWartość energetyczna kcal426 kcalZawartość tłuszczów (ogólnie)46 gKwasy tłuszczowe nasycone6.5 gZawartość węglowodanów4 gCukry3.2 gZawartość błonnika0.7 gZawartość białek0.5 gZawartość soli1.5 g"}, {"header": "Pozostałe informacje", "content": "Kraj pochodzenia:RumuniaKraj pochodzenia zależy od konkretnej partii produktu jaka znajduje się w sklepie. Informację o kraju pochodzenia znajdziesz na opakowaniu. Możesz również dodać komentarz z preferowanym typem produktu w koszyku lub wiadomości dla shoppera (np. “prosze o pomidory polskie”).Producent:Unilever Polska Sp. z o.o.\nAl. Jerozolimskie 134\n02-305 Warszawa\nOdwiedź: www.przepisy.pl\nInfolinia: 801 109 387,\ncałkowity koszt połączenia: 1 impuls wg taryfy operatoraDystrybutor:Unilever Polska Sp. z o.o.Al. Jerozolimskie 134 02-305 Warszawainfolinia.pl@unilever.comNazwa wymagana prawnie:Sos Sałatkowy Francuski"}], "images": ["data/images/a14bb8a73b3c4777f57d2aa51bc0da4b.jpg", "data/images/5acf93b5fda2803ec2082048def46504.jpg"], "absolute_path": "Artykuły spożywcze/Sosy/Sosy sałatkowe/Produkt 3"}
{"name": "Produkt 1", "url": "https://zakupy.biedronka.pl/culineo-culineo-sol-warzona-spozywcza-jodowana-1-kg-0000001109.html", "title": "Culineo Sól warzona spożywcza jodowana 1 kg", "brand": "Culineo", "price": "1.75 PLN", "packaging_details": "1kg- 1,75 zł / kg", "description_sections": [{"header": "Składniki i alergeny", "content": "Składniki:NaCl - chlorek sodu min. 99,0%, substancja wzbogacająca - jodan potasu (KIO3), substancja przeciwzbrylająca - E536 (max. 10mg/kg).Inne informacje o zawartości produktu:Zawiera surowce GMO:Nie, \n\nDodatki zawarte w produkcie (E-symbole):E536 Żelazocyjanek potasu, \n\nFunkcje dodatków obecnych w produkcie (zadeklarowanych jako dodatki lub numery E):Substancja przeciwzbrylająca, \n\nDodatkowe informacje na temat produktu:100 g soli zawiera 3,9 +/- 1,3 mg jodanu potasu (KIO3)."}, {"header": "Wartość odżywcza", "content": "W 100 gWartość energetyczna kcal0 kcalZawartość tłuszczów (ogólnie)0 gKwasy tłuszczowe nasycone0 gZawartość węglowodanów0 gCukry0 gZawartość błonnika0 gZawartość białek0 gZawartość soli98.2 gWitaminy i składniki mineralnew 100 g% RWS w 100 gJod2300 μg0%Jod (%RWS)1533 %RWS0%"}, {"header": "Pozostałe informacje", "content": "Kraj pochodzenia:PolskaKraj pochodzenia zależy od konkretnej partii produktu jaka znajduje się w sklepie. Informację o kraju pochodzenia znajdziesz na opakowaniu. Możesz również dodać komentarz z preferowanym typem produktu w koszyku lub wiadomości dla shoppera (np. “prosze o pomidory polskie”).Dystrybutor:Jeronimo Martins Polska S.A.Żniwna 5 62-025 KostrzynNazwa wymagana prawnie:Sól warzona spożywcza jodowana"}], "images": ["data/images/fd203fbcff6d680275c34090016767dc.jpg"], "absolute_path": "Artykuły spożywcze/Przyprawy/Sól/Produkt 1"}
{"name": "Produkt 4", "url": "https://zakupy.biedronka.pl/kamis-kamis-pieprz-ziolowy-15-g-0000006948.html", "title": "Kamis Pieprz ziołowy 15 g", "brand": "Kamis", "price": "2.19 PLN", "packaging_details": "0.015kg- 146,00 zł / kg", "description_sections": [{"header": "Składniki i alergeny", "content": "Składniki:gorczycabiała (29,5 %),kolendra,papryka słodka,kminek (14,5 %),majeranek (14 %),chili (3 %),liście lauroweAlergeny:Może zawierać Seler, \n\nMoże zawierać Zboża zawierające gluten, \n\nMoże zawierać Jaja, \n\nMoże zawierać Mleko, \n\nZawiera Gorczyca, \n\nMoże zawierać Soja"}, {"header": "Pozostałe informacje", "content": "Kraj pochodzenia:PolskaKraj pochodzenia zależy od konkretnej partii produktu jaka znajduje się w sklepie. Informację o kraju pochodzenia znajdziesz na opakowaniu. Możesz również dodać komentarz z preferowanym typem produktu w koszyku lub wiadomości dla shoppera (np. “prosze o pomidory polskie”).Producent:McCormick Polska S.A.\nStefanowo\nul. Malinowa 18\\20\n05-552 Wólka KosowskaDystrybutor:McCormick Polska S.A.Stefanowo ul. Ma linowa 18/20Nazwa wymagana prawnie:Pieprz ziołowy."}], "images": ["data/images/005c380938cffd2038d8530f02b739ff.jpg"], "absolute_path": "Artykuły spożywcze/Przyprawy/Pieprz/Produkt 4"}
{"name": "Produkt 2", "url": "https://zakupy.biedronka.pl/culineo-culineo-sol-himalajska-rozowa-drobnoziarnista-350-g-0000011818.html", "title": "Culineo Sól himalajska różowa drobnoziarnista 350 g", "brand": "Culineo", "price": "2.49 PLN", "packaging_details": "0.35kg- 7,11 zł / kg", "description_sections": [{"header": "Opis produktu", "content": "Nutriscore:C"}, {"header": "Składniki i alergeny", "content": "Składniki:sól himalajska, substancja wzbogacająca: jodan potasu. Zawartość jodanu potasu 3,9 =/- 1,3 mg/ 100g soliInne informacje o zawartości produktu:Zawiera surowce GMO:Nie, \n\nPoziom znakowania Nutriscore:C"}, {"header": "Wartość odżywcza", "content": "W 100 gWartość energetyczna kcal0 kcalZawartość tłuszczów (ogólnie)0 gKwasy tłuszczowe nasycone0 gZawartość węglowodanów0 gCukry0 gZawartość błonnika0 gZawartość białek0 gZawartość soli97.2 gWitaminy i składniki mineralnew 100 g% RWS w 100 gJod2313 μg1542%"}, {"header": "Pozostałe informacje", "content": "Kraj pochodzenia:PakistanKraj pochodzenia zależy od konkretnej partii produktu jaka znajduje się w sklepie. Informację o kraju pochodzenia znajdziesz na opakowaniu. Możesz również dodać komentarz z preferowanym typem produktu w koszyku lub wiadomości dla shoppera (np. “prosze o pomidory polskie”).Producent:Jeronimo Martins Polska S.A.Dystrybutor:Jeronimo Martins Polska S.A.Żniwna 5 62-025 Kostrzyn PLJeronimo Martins Polska S.A.Żniwna 5 62-025 KostrzynImporter:Jeronimo Martins Polska S.A.Żniwna 5 62-025 Kostrzyn PLbok@biedronka.plNazwa wymagana prawnie:Sól himalajska różowa drobnoziarnista, jodowana"}], "images": ["data/images/49fe253889613f3dc798afaaa0e71ede.jpg"], "absolute_path": "Artykuły spożywcze/Przyprawy/Sól/Produkt 2"}
{"name": "Produkt 3", "url": "https://zakupy.biedronka.pl/culineo-culineo-sol-morska-gruboziarnista-jodowana-900-g-0000015670.html", "title": "Culineo Sól morska gruboziarnista, jodowana 900 g", "brand": "Culineo", "price": "2.99 PLN", "packaging_details": "0.9kg- 3,32 zł / kg", "description_sections": [{"header": "Opis produktu", "content": "Nutriscore:E"}, {"header": "Składniki i alergeny", "content": "Składniki:Sól morska, substancja wzbogacająca: jodan potasu. Zawartość jodanu potasu 3,9 mg +/- 1,3mg/100g soli.Inne informacje o zawartości produktu:Zawiera surowce GMO:Nie, \n\nPoziom znakowania Nutriscore:E"}, {"header": "Wartość odżywcza", "content": "W 100 gWartość energetyczna kcal0 kcalZawartość tłuszczów (ogólnie)0 gKwasy tłuszczowe nasycone0 gZawartość węglowodanów0 gCukry0 gZawartość błonnika0 gZawartość białek0 gZawartość soli99.5 gWitaminy i składniki mineralnew 100 g% RWS w 100 gJod2310 μg0%Jod (%RWS)1540 %RWS0%"}, {"header": "Pozostałe informacje", "content": "Producent:Cenos Sp. z o.o.Dystrybutor:Jeronimo Martins Polska S.A.Żniwna 5 62-025 KostrzynImporter:Jeronimo Martins Polska S.A.Żniwna 5 62-025 Kostrzyn PLNazwa wymagana prawnie:Sól morska, gruboziarnista, jodowana"}], "images": ["data/images/e0c28f77a2913455451d3bc0a02afff4.jpg", "data/images/8c214bfd58ff7cff32403f688d905ca1.jpg"], "absolute_path": "Artykuły spożywcze/Przyprawy/Sól/Produkt 3"}
{"name": "Produkt 3", "url": "https://zakupy.biedronka.pl/kamis-kamis-pieprz-czarny-ziarnisty-42-g-0000008018.html", "title": "Kamis Pieprz czarny ziarnisty 42 g", "brand": "Kamis", "price": "8.99 PLN", "packaging_details": "0.042kg- 214,05 zł / kg", "description_sections": [{"header": "Składniki i alergeny", "content": "Alergeny:Może zawierać Seler, \n\nMoże zawierać Zboża zawierające gluten, \n\nMoże zawierać Jaja, \n\nMoże zawierać Mleko, \n\nMoże zawierać Gorczyca, \n\nMoże zawierać Soja"}, {"header": "Pozostałe informacje", "content": "Producent:McCormick Polska S.A.,\nStefanowo,\nul. Malinowa 18\\20,\n05-552 Wólka Kosowska\nwww.kamis.plDystrybutor:McCormick Polska S.A.Stefanowo ul. Ma linowa 18/20Nazwa wymagana prawnie:Pieprz czarny ziarnisty."}], "images": ["data/images/fa28ce8ce54fb324b759f7024ad653a7.jpg"], "absolute_path": "Artykuły spożywcze/Przyprawy/Pieprz/Produkt 3"}
{"name": "Produkt 5", "url": "https://zakupy.biedronka.pl/kamis-kamis-sol-morska-jodowana-specialite-mlynek-90-g-0000008019.html", "title": "Kamis Sól morska jodowana Specialite młynek 90 g", "brand": "Kamis", "price": "8.99 PLN", "packaging_details": "0.09kg- 99,89 zł / kg", "description_sections": [{"header": "Opis produktu", "content": "Subrand:Specialite"}, {"header": "Składniki i alergeny", "content": "Składniki:sól morska jodowana (zawartość jodanu potasu 39 ± 13 mg/kg soli)Alergeny:Może zawierać Seler, \n\nMoże zawierać Zboża zawierające gluten, \n\nMoże zawierać Jaja, \n\nMoże zawierać Mleko, \n\nMoże zawierać Gorczyca, \n\nMoże zawierać Soja"}, {"header": "Pozostałe informacje", "content": "Kraj pochodzenia:PolskaKraj pochodzenia zależy od konkretnej partii produktu jaka znajduje się w sklepie. Informację o kraju pochodzenia znajdziesz na opakowaniu. Możesz również dodać komentarz z preferowanym typem produktu w koszyku lub wiadomości dla shoppera (np. “prosze o pomidory polskie”).Producent:McCormick Polska S.A.\nStefanowo\nul. Malinowa 18\\20\n05-552 Wólka KosowskaDystrybutor:McCormick Polska S.A.Stefanowo ul. Ma linowa 18/20Nazwa wymagana prawnie:Sól morska jodowana"}], "images": ["data/images/4694123d239209afecad8ce6d5312d29.jpg"], "absolute_path": "Artykuły spożywcze/Przyprawy/Sól/Produkt 5"}
{"name": "Produkt 4", "url": "https://zakupy.biedronka.pl/culineo-culineo-sol-himalajska-rozowa-gruboziarnista-350-g-0000011817.html", "title": "Culineo Sól himalajska różowa gruboziarnista 350 g", "brand": "Culineo", "price": "2.49 PLN", "packaging_details": "0.35kg- 7,11 zł / kg", "description_sections": [{"header": "Opis produktu", "content": "Nutriscore:C"}, {"header": "Składniki i alergeny", "content": "Składniki:sól himalajska, substancja wzbogacająca: jodan potasu. Zawartość jodanu potasu 3,9 +/- 1,3 mg/ 100g soliInne informacje o zawartości produktu:Zawiera surowce GMO:Nie, \n\nPoziom znakowania Nutriscore:C"}, {"header": "Wartość odżywcza", "content": "W 100 gWartość energetyczna kcal0 kcalZawartość tłuszczów (ogólnie)0 gKwasy tłuszczowe nasycone0 gZawartość węglowodanów0 gCukry0 gZawartość błonnika0 gZawartość białek0 gZawartość soli97.2 gWitaminy i składniki mineralnew 100 g% RWS w 100 gJod2313 μg1542%"}, {"header": "Pozostałe informacje", "content": "Kraj pochodzenia:PakistanKraj pochodzenia zależy od konkretnej partii produktu jaka znajduje się w sklepie. Informację o kraju pochodzenia znajdziesz na opakowaniu. Możesz również dodać komentarz z preferowanym typem produktu w koszyku lub wiadomości dla shoppera (np. “prosze o pomidory polskie”).Dystrybutor:Jeronimo Martins Polska S.A.Żniwna 5 62-025 Kostrzyn PLImporter:Jeronimo Martins Polska S.A.Żniwna 5 62-025 Kostrzyn PLbok@biedronka.plNazwa wymagana prawnie:Sól himalajska różowa gruboziarnista, jodowana."}], "images": ["data/images/8e6925c85cebdfa6e3e5289256ce1704.jpg"], "absolute_path": "Artykuły spożywcze/Przyprawy/Sól/Produkt 4"}
{"name": "Produkt 1", "url": "https://zakupy.biedronka.pl/kamis-kamis-cynamon-kora-2-szt.-0000008727.html", "title": "Kamis Cynamon kora 2 szt.", "brand": "Kamis", "price": "6.99 PLN", "packaging_details": "2szt.- 3,50 zł / szt", "description_sections": [{"header": "Opis produktu", "content": "Zbierana ręcznie, aby zachować jak najwięcej naturalnego smaku i aromatu."}, {"header": "Pozostałe informacje", "content": "Nazwa wymagana prawnie:Cynamon kora."}], "images": ["data/images/04759afdbd8905a3a9bacb58b0f1602f.jpg"], "absolute_path": "Artykuły spożywcze/Przyprawy/Przyprawy/Produkt 1"}
{"name": "Produkt 2", "url": "https://zakupy.biedronka.pl/kamis-kamis-czosnek-granulowany-20-g-0000004085.html", "title": "Kamis Czosnek granulowany 20 g", "brand": "Kamis", "price": "2.19 PLN", "packaging_details": "0.02kg- 109,50 zł / kg", "description_sections": [{"header": "Składniki i alergeny", "content": "Alergeny:Może zawierać Seler, \n\nMoże zawierać Zboża zawierające gluten, \n\nMoże zawierać Jaja, \n\nMoże zawierać Mleko, \n\nMoże zawierać Gorczyca, \n\nMoże zawierać Soja"}, {"header": "Pozostałe informacje", "content": "Producent:McCormick Polska S.A.\nStefanowo\nul. Malinowa 18\\20\n05-552 Wólka KosowskaDystrybutor:McCormick Polska S.A.Stefanowo ul. Ma linowa 18/20Nazwa wymagana prawnie:Czosnek granulowany."}], "images": ["data/images/5b94f246519cdaadddfebd11e4721214.jpg"], "absolute_path": "Artykuły spożywcze/Przyprawy/Przyprawy/Produkt 2"}
{"name": "Produkt 3", "url": "https://zakupy.biedronka.pl/kamis-kamis-oregano-8-g-0000006937.html", "title": "Kamis Oregano 8 g", "brand": "Kamis", "price": "2.19 PLN", "packaging_details": "0.008kg- 273,75 zł / kg", "description_sections": [{"header": "Opis produktu", "content": "Oregano oznacza zatem „radość góry”. Prawdopodobnie – nie tylko jednej góry, ale gór z rejonu śródziemnomorskiego, których zbocza były bujnie porośnięte żywymi, różowato-fioletowymi kwiatami lebiodki. Oregano jest rośliną wieloletnią, potrzebującą słońca. Potrafi osiągnąć wysokość powyżej 1 metra. Ma rozgałęzione łodygi i liście pokryte włoskami. Białe, różowe lub fioletowe kwiaty pojawiają się latem, najczęściej od lipca do sierpnia. Ziele zbiera się, kiedy tylko roślina zaczyna kwitnąć."}, {"header": "Składniki i alergeny", "content": "Składniki:oreganoInne informacje o zawartości produktu:Zawiera surowce GMO:Nie"}, {"header": "Pozostałe informacje", "content": "Kraj pochodzenia:PolskaKraj pochodzenia zależy od konkretnej partii produktu jaka znajduje się w sklepie. Informację o kraju pochodzenia znajdziesz na opakowaniu. Możesz również dodać komentarz z preferowanym typem produktu w koszyku lub wiadomości dla shoppera (np. “prosze o pomidory polskie”).Producent:McCormick Polska S.A.\nStefanowo\nul. Malinowa 18\\20\n05-552 Wólka KosowskaDystrybutor:McCormick Polska S.A.ul. Malinowa 18/20 05-552 Wólka Kosowskamccormick@pl.mccormick.comNazwa wymagana prawnie:Oregano 8g"}], "images": ["data/images/a6cf9c58319c8c56094b26b77f7c1631.jpg", "data/images/a3f474b914003223c366035557c5cd14.jpg"], "absolute_path": "Artykuły spożywcze/Przyprawy/Przyprawy/Produkt 3"}
{"name": "Produkt 6", "url": "https://zakupy.biedronka.pl/kamis-kamis-gozdziki-cale-8-g-0000013400.html", "title": "Kamis Goździki całe 8 g", "brand": "Kamis", "price": "2.19 PLN", "packaging_details": "0.008kg- 273,75 zł / kg", "description_sections": [{"header": "Opis produktu", "content": "Starannie wyselekcjonowane dla zapewnienia pełni smaku i aromatu."}, {"header": "Pozostałe informacje", "content": "Nazwa wymagana prawnie:Goździki całe."}], "images": ["data/images/40c88a9fc96333632fc0b0330810d5ed.jpg"], "absolute_path": "Artykuły spożywcze/Przyprawy/Przyprawy/Produkt 6"}
{"name": "Produkt 4", "url": "https://zakupy.biedronka.pl/bakador-bakador-superfoods-nasiona-chia-125-g-0000009478.html", "title": "BakaD'Or Superfoods Nasiona Chia 125 g", "brand": "BakaD'Or", "price": "5.95 PLN", "packaging_details": "0.125kg- 47,60 zł / kg", "description_sections": [{"header": "Opis produktu", "content": "Fosfor pomaga w utrzymaniu zdrowych kości i zębów. Mangan pomaga w ochronie komórek przed stresem oksydacyjnym. Korzystne działanie występuje w przypadku spożycia 1 porcji dziennie. Pamiętaj, że zrównoważona dieta i aktywny styl życia są bardzo ważne dla zachowania dobrego samopoczucia i zdrowia."}, {"header": "Składniki i alergeny", "content": "Składniki:nasiona szałwii hiszpańskiej (Salvia hispanica). Produkt może zawieraćorzeszki ziemne,orzechy, nasionasezamu,soję,mleko,dwutlenek siarkiisiarczynyInne informacje o zawartości produktu:Zawiera surowce GMO:Nie"}, {"header": "Wartość odżywcza", "content": "W 100 gWartość energetyczna kcal468 kcalZawartość tłuszczów (ogólnie)35 gKwasy tłuszczowe nasycone3.2 gZawartość węglowodanów0 gCukry0 gZawartość błonnika39 gZawartość białek19 gZawartość soli0 gWitaminy i składniki mineralnew 100 g% RWS w 100 gFosfor735 mg0%Mangan109 mg0%"}, {"header": "Przechowywanie i sposób przygotowania", "content": "Sposób podania:Zalecane dzienne spożycie nasion szałwii hiszpańskiej wynosi maksymalnie 15 g."}, {"header": "Pozostałe informacje", "content": "Producent:Jeronimo Martins Polska S.A.Dystrybutor:Jeronimo Martins Polska S.A.Żniwna 5 62-025 KostrzynImporter:Jeronimo Martins Polska S.A.Żniwna 5 62-025 Kostrzyn PLNazwa wymagana prawnie:Nasiona szałwii hiszpańskiej (Salvia hispanica)"}], "images": ["data/images/80c3cd6eebc6417ce6c86613d5f5f0b7.jpg", "data/images/8c75b7594be16bb116521685623b9b01.jpg"], "absolute_path": "Artykuły spożywcze/Przyprawy/Przyprawy/Produkt 4"}
{"name": "Produkt 8", "url": "https://zakupy.biedronka.pl/kamis-kamis-liscie-laurowe-5-g-0000004092.html", "title": "Kamis Liście laurowe 5 g", "brand": "Kamis", "price": "2.19 PLN", "packaging_details": "0.005kg- 438,00 zł / kg", "description_sections": [{"header": "Opis produktu", "content": "liście laurowe"}, {"header": "Składniki i alergeny", "content": "Składniki:liście lauroweInne informacje o zawartości produktu:Zawiera surowce GMO:Nie"}, {"header": "Pozostałe informacje", "content": "Kraj pochodzenia:PolskaKraj pochodzenia zależy od konkretnej partii produktu jaka znajduje się w sklepie. Informację o kraju pochodzenia znajdziesz na opakowaniu. Możesz również dodać komentarz z preferowanym typem produktu w koszyku lub wiadomości dla shoppera (np. “prosze o pomidory polskie”).Producent:McCormick Polska S.A.\nStefanowo\nul. Malinowa 18\\20\n05-552 Wólka KosowskaDystrybutor:McCormick Polska S.A.ul. Malinowa 18/20 05-552 Wólka Kosowskamccormick@pl.mccormick.comNazwa wymagana prawnie:Kamis Liście Laurowe 5g"}], "images": ["data/images/1421f0903fd8ad30d5578ec14c4a074d.jpg", "data/images/7999cea059762f9d7c9aed1b8f4d57da.jpg"], "absolute_path": "Artykuły spożywcze/Przyprawy/Przyprawy/Produkt 8"}
{"name": "Produkt 5", "url": "https://zakupy.biedronka.pl/kamis-kamis-przyprawa-do-gyrosa-30-g-0000006936.html", "title": "Kamis Przyprawa do gyrosa 30 g", "brand": "Kamis", "price": "2.19 PLN", "packaging_details": "0.02kg- 109,50 zł / kg", "description_sections": [{"header": "Pozostałe informacje", "content": "Kraj pochodzenia:PolskaKraj pochodzenia zależy od konkretnej partii produktu jaka znajduje się w sklepie. Informację o kraju pochodzenia znajdziesz na opakowaniu. Możesz również dodać komentarz z preferowanym typem produktu w koszyku lub wiadomości dla shoppera (np. “prosze o pomidory polskie”).Nazwa wymagana prawnie:Mieszanka przyprawowa."}], "images": ["data/images/d2c348884d4608d15efa2dd4af78a694.jpg"], "absolute_path": "Artykuły spożywcze/Przyprawy/Przyprawy/Produkt 5"}
{"name": "Produkt 7", "url": "https://zakupy.biedronka.pl/elios-elios-tahini-klasyczne-300-g-0000007172.html", "title": "Elios Tahini klasyczne 300 g", "brand": "Elios", "price": "9.99 PLN", "packaging_details": "0.3kg- 33,30 zł / kg", "description_sections": [{"header": "Składniki i alergeny", "content": "Składniki:prażone, mielone nasionasezamu100%Alergeny:Nasiona sezamu i produkty pochodneInne informacje o zawartości produktu:Zawiera surowce GMO:Nie, \n\nDodatkowe informacje na temat produktu:Oddzielenie oleju i jego obecność na powierzchni jest naturalne."}, {"header": "Wartość odżywcza", "content": "W 100 gWartość energetyczna kcal673 kcalZawartość tłuszczów (ogólnie)60 gKwasy tłuszczowe nasycone9.5 gKwasy tłuszczowe jednonienasycone23.7 gKwasy tłuszczowe wielonienasycone24.9 gZawartość węglowodanów3 gCukry1 gZawartość błonnika8.8 gZawartość białek25 gZawartość soli0 g"}, {"header": "Przechowywanie i sposób przygotowania", "content": "Sposób podania:Oddzielenie oleju i jego obecność na powierzchni jest naturalne. Dobrze wymieszać przed użyciem."}, {"header": "Pozostałe informacje", "content": "Kraj pochodzenia:GrecjaKraj pochodzenia zależy od konkretnej partii produktu jaka znajduje się w sklepie. Informację o kraju pochodzenia znajdziesz na opakowaniu. Możesz również dodać komentarz z preferowanym typem produktu w koszyku lub wiadomości dla shoppera (np. “prosze o pomidory polskie”).Producent:Jeronimo Martins Polska S.A.Dystrybutor:Jeronimo Martins Polska S.A.Żniwna 5 62-025 KostrzynImporter:Jeronimo Martins Polska S.A.Żniwna 5 62-025 Kostrzyn PLNazwa wymagana prawnie:Tahini - pasta sezamowa"}], "images": ["data/images/c865c5b9cde85be2d92c0700300ac9a2.jpg", "data/images/cd3096a2e47ec4c23165fd5b911536d2.jpg", "data/images/1f28ff2f03cdb47478996ae2efa75dcc.jpg"], "absolute_path": "Artykuły spożywcze/Przyprawy/Przyprawy/Produkt 7"}
{"name": "Produkt 11", "url": "https://zakupy.biedronka.pl/culineo-culineo-cebulka-smazona-200-g-0000002355.html", "title": "Culineo Cebulka smażona 200 g", "brand": "Culineo", "price": "5.75 PLN", "packaging_details": "0.2kg- 28,75 zł / kg", "description_sections": [{"header": "Opis produktu", "content": "Nutriscore:D"}, {"header": "Składniki i alergeny", "content": "Składniki:cebula (76%), mąkapszenna, olej palmowy, sól"}, {"header": "Przechowywanie i sposób przygotowania", "content": "Sposób podania:Proponujemy użyć cebulki zapiekanej do przybrania aromatycznych przekąsek, ziemniaków puree, hamburgerów, kanapek, hot-dogów oraz do wzbogacenia smaku w rosołach i zupach. Także jako dodatek do posypania pizzy, pierogów ruskich, krokietów, gołąbków, sosów, mięsa mielonego, wątróbki, makaronów."}, {"header": "Pozostałe informacje", "content": "Kraj pochodzenia:Unia EuropejskaKraj pochodzenia zależy od konkretnej partii produktu jaka znajduje się w sklepie. Informację o kraju pochodzenia znajdziesz na opakowaniu. Możesz również dodać komentarz z preferowanym typem produktu w koszyku lub wiadomości dla shoppera (np. “prosze o pomidory polskie”).Nazwa wymagana prawnie:Cebulka smażona"}], "images": ["data/images/2d78b2a8d21c93efa452c9041c32d817.jpg"], "absolute_path": "Artykuły spożywcze/Przyprawy/Przyprawy/Produkt 11"}
{"name": "Produkt 9", "url": "https://zakupy.biedronka.pl/kamis-kamis-papryka-slodka-mielona-16-g-0000004088.html", "title": "Kamis Papryka słodka mielona 16 g", "brand": "Kamis", "price": "2.19 PLN", "packaging_details": "0.016kg- 136,88 zł / kg", "description_sections": [{"header": "Składniki i alergeny", "content": "Alergeny:Może zawierać Seler, \n\nMoże zawierać Zboża zawierające gluten, \n\nMoże zawierać Jaja, \n\nMoże zawierać Mleko, \n\nMoże zawierać Gorczyca, \n\nMoże zawierać Soja"}, {"header": "Pozostałe informacje", "content": "Producent:McCormick Polska S.A.\nStefanowo\nul. Malinowa 18\\20\n05-552 Wólka KosowskaDystrybutor:McCormick Polska S.A.Stefanowo ul. Ma linowa 18/20Importer:McCormick Polska S.A.ul. Malinowa 18/20 05-552 Wólka Kosowska PLmccormick@pl.mccormick.comNazwa wymagana prawnie:Papryka słodka mielona."}], "images": ["data/images/5b5e77ea2a2a5bd584b43765125189a3.jpg"], "absolute_path": "Artykuły spożywcze/Przyprawy/Przyprawy/Produkt 9"}
{"name": "Produkt 12", "url": "https://zakupy.biedronka.pl/kamis-kamis-majeranek-8-g-0000009930.html", "title": "Kamis Majeranek 8 g", "brand": "Kamis", "price": "2.19 PLN", "packaging_details": "0.008kg- 312,86 zł / kg", "description_sections": [{"header": "Opis produktu", "content": "Przyprawą jest wysuszone ziele majeranku ogrodowego, zbierane w okresie kwitnienia. Roślina ta pochodzi z Bliskiego Wschodu i uprawiana jest prawie na całym świecie. Ziele majeranku jest typową przyprawą krajów śródziemnomorskich. Przyprawa posiada charakterystyczny aromat oraz lekko palący smak.W polskiej kuchni stosuje się go najczęściej przy wyrobie domowych wędlin, przyprawianiu potraw mięsnych, sosów, pieczeni, farszów, pasztetów, warzyw, zup (grochowa, fasolowa, ziemniaczana, węgorzowa, żur, flaki), kołdunów oraz potraw z grzybów. Dla wzbogacenia aromatu majeranek stosowany jest często łącznie z tymiankiem, szczególnie w konieczności zachowania diety bezsolnej. Sposób użycia majeranku zależy od rodzaju potrawy. Mięsa i wędliny przyprawia się przed pieczeniem lub gotowaniem, pozostałe w końcowej fazie ich przygotowania."}, {"header": "Składniki i alergeny", "content": "Składniki:MajeranekInne informacje o zawartości produktu:Zawiera surowce GMO:Nie"}, {"header": "Pozostałe informacje", "content": "Kraj pochodzenia:PolskaKraj pochodzenia zależy od konkretnej partii produktu jaka znajduje się w sklepie. Informację o kraju pochodzenia znajdziesz na opakowaniu. Możesz również dodać komentarz z preferowanym typem produktu w koszyku lub wiadomości dla shoppera (np. “prosze o pomidory polskie”).Producent:McCormick Polska S.A.Dystrybutor:McCormick Polska S.A.ul. Malinowa 18/20 05-552 Wólka Kosowskamccormick@pl.mccormick.comImporter:McCormick Polska S.A.ul. Malinowa 18/20 05-552 Wólka Kosowska PLmccormick@pl.mccormick.comNazwa wymagana prawnie:KAMIS Majeranek 8g"}], "images": ["data/images/a0182d32ff7fc3b15727acc3fe100535.jpg", "data/images/fe7e9f398ee8847dece51e2f99add5fe.jpg"], "absolute_path": "Artykuły spożywcze/Przyprawy/Przyprawy/Produkt 12"}
{"name": "Produkt 10", "url": "https://zakupy.biedronka.pl/kamis-kamis-bazylia-8-g-0000006663.html", "title": "Kamis Bazylia 8 g", "brand": "Kamis", "price": "2.19 PLN", "packaging_details": "0.008kg- 273,75 zł / kg", "description_sections": [{"header": "Opis produktu", "content": "Bazylia jest nieodzownym towarzyszem przepisów opierających się na pomidorach. To proste w użyciu zioło posiada niesamowitą moc - wystarczy, że dodasz ją do swojej pizzy lub makaronu, a uzyskasz ten specyficzny, włoski smak."}, {"header": "Składniki i alergeny", "content": "Składniki:bazyliaAlergeny:Gorczyca i produkty pochodneInne informacje o zawartości produktu:Zawiera surowce GMO:Nie"}, {"header": "Pozostałe informacje", "content": "Kraj pochodzenia:PolskaKraj pochodzenia zależy od konkretnej partii produktu jaka znajduje się w sklepie. Informację o kraju pochodzenia znajdziesz na opakowaniu. Możesz również dodać komentarz z preferowanym typem produktu w koszyku lub wiadomości dla shoppera (np. “prosze o pomidory polskie”).Producent:McCormick Polska S.A.\nStefanowo\nul. Malinowa 18\\20\n05-552 Wólka KosowskaDystrybutor:McCormick Polska S.A.ul. Malinowa 18/20 05-552 Wólka Kosowskamccormick@pl.mccormick.comNazwa wymagana prawnie:Bazylia 8g"}], "images": ["data/images/eb8cb7f2ee6c2939e3e6279d11160b42.jpg", "data/images/f4aeba17fcd2cd37bf1f720295b72450.jpg"], "absolute_path": "Artykuły spożywcze/Przyprawy/Przyprawy/Produkt 10"}
{"name": "Produkt 13", "url": "https://zakupy.biedronka.pl/kamis-kamis-curry-20-g-0000006675.html", "title": "Kamis Curry 20 g", "brand": "Kamis", "price": "2.19 PLN", "packaging_details": "0.02kg- 109,50 zł / kg", "description_sections": [{"header": "Składniki i alergeny", "content": "Składniki:przyprawy (kurkuma (16,2 %), kozieradka, kolendra (15,9 %), czosnek, kmin rzymski,gorczycabiała, cynamon, imbir, goździki, papryka słodka, gałka muszkatołowa, chili),sólAlergeny:Może zawierać Seler, \n\nMoże zawierać Zboża zawierające gluten, \n\nMoże zawierać Jaja, \n\nMoże zawierać Mleko, \n\nZawiera Gorczyca, \n\nMoże zawierać SojaInne informacje o zawartości produktu:MSG (glutaminian):Nie zawiera"}, {"header": "Wartość odżywcza", "content": "W 100 gWartość energetyczna276 kcalTłuszcz8.5 gw tym kwasy tłuszczowe nasycone1.5 gWęglowodany28 gw tym cukry1.8 gBiałko12 gSól19 g"}, {"header": "Pozostałe informacje", "content": "Kraj pochodzenia:PolskaKraj pochodzenia zależy od konkretnej partii produktu jaka znajduje się w sklepie. Informację o kraju pochodzenia znajdziesz na opakowaniu. Możesz również dodać komentarz z preferowanym typem produktu w koszyku lub wiadomości dla shoppera (np. “prosze o pomidory polskie”).Producent:McCormick Polska S.A.\nStefanowo\nul. Malinowa 18\\20\n05-552 Wólka KosowskaDystrybutor:McCormick Polska S.A.Stefanowo ul. Ma linowa 18/20Nazwa wymagana prawnie:Mieszanka przyprawowa."}], "images": ["data/images/dcf05d3da31cc75af88eb43b6299795f.jpg"], "absolute_path": "Artykuły spożywcze/Przyprawy/Przyprawy/Produkt 13"}
{"name": "Produkt 17", "url": "https://zakupy.biedronka.pl/kamis-kamis-kurkuma-20-g-0000006944.html", "title": "Kamis Kurkuma 20 g", "brand": "Kamis", "price": "2.19 PLN", "packaging_details": "0.016kg- 136,88 zł / kg", "description_sections": [{"header": "Składniki i alergeny", "content": "Alergeny:Może zawierać Seler, \n\nMoże zawierać Zboża zawierające gluten, \n\nMoże zawierać Jaja, \n\nMoże zawierać Mleko, \n\nMoże zawierać Gorczyca, \n\nMoże zawierać Soja"}, {"header": "Pozostałe informacje", "content": "Producent:McCormick Polska S.A. \nStefanowo\nul. Malinowa 18\\20\n05-552 Wólka KosowskaDystrybutor:McCormick Polska S.A.Stefanowo ul. Ma linowa 18/20Nazwa wymagana prawnie:Kurkuma."}], "images": ["data/images/8c6da21475eb8d7f9e91d58c4f49fe0a.jpg"], "absolute_path": "Artykuły spożywcze/Przyprawy/Przyprawy/Produkt 17"}
{"name": "Produkt 16", "url": "https://zakupy.biedronka.pl/maggi-maggi-przyprawa-w-plynie-200-g-0000004285.html", "title": "Maggi Przyprawa w płynie 200 g", "brand": "Maggi", "price": "3.49 PLN", "packaging_details": "0.2kg- 17,45 zł / kg", "description_sections": [{"header": "Opis produktu", "content": "Maggi to najbardziej znana przyprawa w płynie w Polsce. Maggi dzięki swojej unikalnej recepturze pozwala nadać daniom piątego smaku Umami. Maggi jest idealnym towarzyszem na każdym etapie gotowania:- w fazie przygotowania: marynowanie, przygotowywanie sosów zimnych i dipów- w fazie gotowania: doprawianie zup, sosów, farszy- doprawianie na talerzu: zupy, pierogi, tatary, sałatki, pasty kanapkoweOd lat towarzyszy w Polskiej tradycyjnej kuchni, ale nadaje się też świetnie do dań kuchni współczesnej: wegeburgery, lasagne. Świetnie komponuje się również w kuchniach egzotycznych: południowoamerykańskiej, azjatyckiej i wielu innych. Spróbuj i… daj się zaskoczyć!Przyprawa w płynie Maggi:- podkreśla smak wielu Twoich dań- występuje w opakowaniach: 200 g i 960 g"}, {"header": "Składniki i alergeny", "content": "Składniki:woda, sól, wzmacniacze smaku (glutaminian monosodowy, 5'-rybonukleotydy disodowe), ocet, wyciąg z lubczyku, glukoza, ekstrakt drożdży, aromatInne informacje o zawartości produktu:Zawiera surowce GMO:Nie"}, {"header": "Wartość odżywcza", "content": "W 100 gWartość energetyczna kcal85 kcalZawartość tłuszczów (ogólnie)0 gKwasy tłuszczowe nasycone0 gZawartość węglowodanów2.2 gCukry0.9 gZawartość błonnika0 gZawartość białek2.8 gZawartość soli22.8 g"}, {"header": "Przechowywanie i sposób przygotowania", "content": "Sposób przygotowania:Zastosowanie: do zup, sosów, potraw mięsnych i warzywnych.Niewielki osad nie jest wadą wyrobu - w przypadku powstania należy wstrząsnąć."}, {"header": "Pozostałe informacje", "content": "Kraj pochodzenia:PolskaKraj pochodzenia zależy od konkretnej partii produktu jaka znajduje się w sklepie. Informację o kraju pochodzenia znajdziesz na opakowaniu. Możesz również dodać komentarz z preferowanym typem produktu w koszyku lub wiadomości dla shoppera (np. “prosze o pomidory polskie”).Producent:Nestlé Polska S.A.\nul. Domaniewska 32\n02-672 WarszawaDystrybutor:Nestle Polska S.ADomaniewska 32 02-672 Warszawacs@pl.nestle.comNazwa wymagana prawnie:MAGGI Przyprawa w płynie 200g"}], "images": ["data/images/35effc8b874be1f861820a4c1bf7fdaf.jpg"], "absolute_path": "Artykuły spożywcze/Przyprawy/Przyprawy/Produkt 16"}
{"name": "Produkt 15", "url": "https://zakupy.biedronka.pl/kamis-kamis-ziola-prowansalskie-8-g-0000004090.html", "title": "Kamis Zioła prowansalskie 8 g", "brand": "Kamis", "price": "2.19 PLN", "packaging_details": "0.008kg- 273,75 zł / kg", "description_sections": [{"header": "Składniki i alergeny", "content": "Składniki:bazylia (18 %),majeranek (17 %),rozmaryn (16 %),cząber,szałwia,oregano,tymianek,miętaAlergeny:Może zawierać Seler, \n\nMoże zawierać Zboża zawierające gluten, \n\nMoże zawierać Jaja, \n\nMoże zawierać Mleko, \n\nMoże zawierać Gorczyca, \n\nMoże zawierać Soja"}, {"header": "Pozostałe informacje", "content": "Kraj pochodzenia:PolskaKraj pochodzenia zależy od konkretnej partii produktu jaka znajduje się w sklepie. Informację o kraju pochodzenia znajdziesz na opakowaniu. Możesz również dodać komentarz z preferowanym typem produktu w koszyku lub wiadomości dla shoppera (np. “prosze o pomidory polskie”).Producent:McCormick Polska S.A.\nStefanowo\nul. Malinowa 18\\20\n05-552 Wólka KosowskaDystrybutor:McCormick Polska S.A.Stefanowo ul. Ma linowa 18/20Nazwa wymagana prawnie:Zioła prowansalskie."}], "images": ["data/images/757ffd79239d9a4b0c57dcb344871152.jpg"], "absolute_path": "Artykuły spożywcze/Przyprawy/Przyprawy/Produkt 15"}
{"name": "Produkt 18", "url": "https://zakupy.biedronka.pl/kamis-kamis-mieszanka-przyprawowa-przyprawa-do-kurczaka-zlocista-30-g-0000004091.html", "title": "Kamis Mieszanka przyprawowa przyprawa do kurczaka złocista 30 g", "brand": "Kamis", "price": "2.19 PLN", "packaging_details": "0.02kg- 109,50 zł / kg", "description_sections": [{"header": "Składniki i alergeny", "content": "Składniki:sól,przyprawy (papryka słodka (14 %),gorczycabiała, czosnek (5,8 %), kolendra, kurkuma, kozieradka, chili, imbir, cynamon, kmin rzymski, goździki, gałka muszkatołowa)Alergeny:Może zawierać Seler, \n\nMoże zawierać Zboża zawierające gluten, \n\nMoże zawierać Jaja, \n\nMoże zawierać Mleko, \n\nZawiera Gorczyca, \n\nMoże zawierać SojaInne informacje o zawartości produktu:Dodatek MSG:Nie zawiera"}, {"header": "Wartość odżywcza", "content": "W 100 gWartość energetyczna160 kcalTłuszcz6.5 gw tym kwasy tłuszczowe nasycone0.8 gWęglowodany13 gw tym cukry2.6 gBiałko7 gSól54.3 g"}, {"header": "Pozostałe informacje", "content": "Kraj pochodzenia:PolskaKraj pochodzenia zależy od konkretnej partii produktu jaka znajduje się w sklepie. Informację o kraju pochodzenia znajdziesz na opakowaniu. Możesz również dodać komentarz z preferowanym typem produktu w koszyku lub wiadomości dla shoppera (np. “prosze o pomidory polskie”).Producent:McCormick Polska S.A.\nStefanowo\nul. Malinowa 18\\20\n05-552 Wólka KosowskaDystrybutor:McCormick Polska S.A.Stefanowo ul. Ma linowa 18/20Nazwa wymagana prawnie:Mieszanka przyprawowa."}], "images": ["data/images/3699584df10e18845351d7e973ebc042.jpg"], "absolute_path": "Artykuły spożywcze/Przyprawy/Przyprawy/Produkt 18"}
{"name": "Produkt 14", "url": "https://zakupy.biedronka.pl/kamis-kamis-przyprawa-do-dan-z-ziemniakow-25-g-0000006243.html", "title": "Kamis Przyprawa do dań z ziemniaków 25 g", "brand": "Kamis", "price": "2.19 PLN", "packaging_details": "0.025kg- 87,60 zł / kg", "description_sections": [{"header": "Składniki i alergeny", "content": "Składniki:sól,przyprawy (czosnek (15,5 %), kolendra, cebula, papryka słodka, chili, pieprz czarny),zioła (cząber (8,3 %), majeranek, koperek (3,4 %))Alergeny:Może zawierać Seler, \n\nMoże zawierać Zboża zawierające gluten, \n\nMoże zawierać Jaja, \n\nMoże zawierać Mleko, \n\nMoże zawierać Gorczyca, \n\nMoże zawierać SojaInne informacje o zawartości produktu:Dodatek MSG:Nie zawiera"}, {"header": "Wartość odżywcza", "content": "W 100 gWartość energetyczna185 kcalTłuszcz3.7 gw tym kwasy tłuszczowe nasycone0.6 gWęglowodany23 gw tym cukry4.1 gBiałko7.4 gSól41.2 g"}, {"header": "Pozostałe informacje", "content": "Kraj pochodzenia:PolskaKraj pochodzenia zależy od konkretnej partii produktu jaka znajduje się w sklepie. Informację o kraju pochodzenia znajdziesz na opakowaniu. Możesz również dodać komentarz z preferowanym typem produktu w koszyku lub wiadomości dla shoppera (np. “prosze o pomidory polskie”).Producent:McCormick Polska S.A.\nStefanowo\nul. Malinowa 18\\20\n05-552 Wólka KosowskaDystrybutor:McCormick Polska S.A.Stefanowo ul. Ma linowa 18/20Nazwa wymagana prawnie:Mieszanka przyprawowa."}], "images": ["data/images/fa4b3eab815412d165c5c4810a5699da.jpg"], "absolute_path": "Artykuły spożywcze/Przyprawy/Przyprawy/Produkt 14"}
{"name": "Produkt 22", "url": "https://zakupy.biedronka.pl/kamis-kamis-przyprawa-do-grzanca-40-g-0000013402.html", "title": "Kamis Przyprawa do grzańca 40 g", "brand": "Kamis", "price": "2.19 PLN", "packaging_details": "0.04kg- 54,75 zł / kg", "description_sections": [{"header": "Opis produktu", "content": "Grzaniec to idealny, rozgrzewający napój na długie chłodne wieczory. Przyprawa do grzańca jest doskonale dobraną mieszanką egzotycznych przypraw korzennych, pozwalającą na uzyskanie wyśmienitego grzanego piwa lub wina. Specjalnie dobrane składniki (m.in. goździki i cynamon), nadają grzańcowi unikalny aromat i słodkawą nutę. Do przyrządzenia doskonałego grzańca, na bazie tradycyjnych przypraw Kamis, użyj swojego ulubionego piwa jasnego (lekkiego, pełnego bądź mocnego) lub czerwonego wina (półsłodkiego lub półwytrawnego). Zawartość opakowania pozwala na przyrządzenie 0,5 l rozgrzewającego nektaru."}, {"header": "Składniki i alergeny", "content": "Składniki:cukier, cynamon, goździki, imbir, kardamon"}, {"header": "Pozostałe informacje", "content": "Kraj pochodzenia:PolskaKraj pochodzenia zależy od konkretnej partii produktu jaka znajduje się w sklepie. Informację o kraju pochodzenia znajdziesz na opakowaniu. Możesz również dodać komentarz z preferowanym typem produktu w koszyku lub wiadomości dla shoppera (np. “prosze o pomidory polskie”).Dystrybutor:Jeronimo Martins Polska S.A.Żniwna 5 62-025 Kostrzyn PLImporter:Jeronimo Martins Polska S.A.Żniwna 5 62-025 Kostrzyn PLNazwa wymagana prawnie:Mieszanka przyprawowa"}], "images": ["data/images/9fa2e708b11bc1de710eb71803b0eae4.jpg"], "absolute_path": "Artykuły spożywcze/Przyprawy/Przyprawy/Produkt 22"}
{"name": "Produkt 21", "url": "https://zakupy.biedronka.pl/kamis-kamis-majeranek-suszony-7-g-0000009931.html", "title": "Kamis Majeranek suszony 7 g", "brand": "Kamis", "price": "2.19 PLN", "packaging_details": "0.007kg- 312,86 zł / kg", "description_sections": [{"header": "Składniki i alergeny", "content": "Alergeny:Może zawierać Seler, \n\nMoże zawierać Zboża zawierające gluten, \n\nMoże zawierać Jaja, \n\nMoże zawierać Mleko, \n\nMoże zawierać Gorczyca, \n\nMoże zawierać Soja"}, {"header": "Pozostałe informacje", "content": "Producent:McCormick Polska S.A.\nStefanowo\nul. Malinowa 18\\20\n05-552 Wólka KosowskaNazwa wymagana prawnie:Majeranek suszony."}], "images": ["data/images/679dbc5baac7808c041f3f588b244d15.jpg"], "absolute_path": "Artykuły spożywcze/Przyprawy/Przyprawy/Produkt 21"}
{"name": "Produkt 20", "url": "https://zakupy.biedronka.pl/kamis-kamis-ziele-angielskie-12-g-0000004093.html", "title": "Kamis Ziele angielskie 12 g", "brand": "Kamis", "price": "2.19 PLN", "packaging_details": "0.012kg- 182,50 zł / kg", "description_sections": [{"header": "Składniki i alergeny", "content": "Alergeny:Może zawierać Seler, \n\nMoże zawierać Zboża zawierające gluten, \n\nMoże zawierać Jaja, \n\nMoże zawierać Mleko, \n\nMoże zawierać Gorczyca, \n\nMoże zawierać Soja"}, {"header": "Pozostałe informacje", "content": "Producent:McCormick Polska S.A.\nStefanowo\nul. Malinowa 18\\20\n05-552 Wólka KosowskaNazwa wymagana prawnie:Ziele angielskie całe."}], "images": ["data/images/8aa8c73223b67f5641cc53191ab0de47.jpg"], "absolute_path": "Artykuły spożywcze/Przyprawy/Przyprawy/Produkt 20"}
{"name": "Produkt 23", "url": "https://zakupy.biedronka.pl/kamis-kamis-tymianek-8-g-0000006662.html", "title": "Kamis Tymianek 8 g", "brand": "Kamis", "price": "2.19 PLN", "packaging_details": "0.008kg- 273,75 zł / kg", "description_sections": [{"header": "Składniki i alergeny", "content": "Alergeny:Może zawierać Seler, \n\nMoże zawierać Zboża zawierające gluten, \n\nMoże zawierać Jaja, \n\nMoże zawierać Mleko, \n\nMoże zawierać Gorczyca, \n\nMoże zawierać Soja"}, {"header": "Pozostałe informacje", "content": "Kraj pochodzenia:PolskaKraj pochodzenia zależy od konkretnej partii produktu jaka znajduje się w sklepie. Informację o kraju pochodzenia znajdziesz na opakowaniu. Możesz również dodać komentarz z preferowanym typem produktu w koszyku lub wiadomości dla shoppera (np. “prosze o pomidory polskie”).Producent:McCormick Polska S.A.\nStefanowo\nul. Malinowa 18\\20\n05-552 Wólka KosowskaNazwa wymagana prawnie:Tymianek."}], "images": ["data/images/311301c6b171dabfc8a966a76c35c32a.jpg"], "absolute_path": "Artykuły spożywcze/Przyprawy/Przyprawy/Produkt 23"}
{"name": "Produkt 19", "url": "https://zakupy.biedronka.pl/kamis-kamis-mieszanka-przyprawowa-przyprawa-do-piernika-20-g-0000013401.html", "title": "Kamis Mieszanka przyprawowa przyprawa do piernika 20 g", "brand": "Kamis", "price": "2.19 PLN", "packaging_details": "0.02kg- 109,50 zł / kg", "description_sections": [{"header": "Składniki i alergeny", "content": "Składniki:przyprawy (cynamon (25 %), imbir (6,2 %), goździki, gałka muszkatołowa, kolendra nasiona, kardamon (2,2 %), pieprz czarny, ziele angielskie),cukier"}, {"header": "Pozostałe informacje", "content": "Dystrybutor:Jeronimo Martins Polska S.A.Żniwna 5 62-025 Kostrzyn PLImporter:Jeronimo Martins Polska S.A.Żniwna 5 62-025 Kostrzyn PLNazwa wymagana prawnie:Mieszanka przyprawowa."}], "images": ["data/images/ccf41dabc7742b05c1a1e4b21d7c2395.jpg"], "absolute_path": "Artykuły spożywcze/Przyprawy/Przyprawy/Produkt 19"}
{"name": "Produkt 27", "url": "https://zakupy.biedronka.pl/vegeta-vegeta-przyprawa-warzywna-do-potraw-400-g-0000016761.html", "title": "Vegeta Przyprawa warzywna do potraw 400 g", "brand": "Vegeta", "price": "9.89 PLN", "packaging_details": "0.4kg- 24,73 zł / kg", "description_sections": [{"header": "Opis produktu", "content": "Vegeta jest idealna przyprawą do różnorodnych dań gotowanych czy smażonych. To wyjątkowa, wysokiej jakości mieszanka przypraw i suszonych warzyw przygotowana przez ekspertów kulinarnych, która zachęci cię do nowych kulinarnych kreacji. Niezależnie od tego, czy przygotowujesz domowe dania czy próbujesz czegoś nowego z Vegetą możesz być pewny, że twoja przygoda w kuchni zakończy się sukcesem."}, {"header": "Składniki i alergeny", "content": "Składniki:sól jodowana (sól, jodan potasu), suszone warzywa 15,5% (marchew, pasternak, ziemniaki, cebula, SELER korzeniowy, natka pietruszki), wzmacniacze smaku (glutaminian monosodowy, inozynian disodowy), cukier, przyprawy, olej słonecznikowy, skrobia kukurydziana, barwnik (ryboflawina)."}, {"header": "Pozostałe informacje", "content": "Kraj pochodzenia:ChorwacjaKraj pochodzenia zależy od konkretnej partii produktu jaka znajduje się w sklepie. Informację o kraju pochodzenia znajdziesz na opakowaniu. Możesz również dodać komentarz z preferowanym typem produktu w koszyku lub wiadomości dla shoppera (np. “prosze o pomidory polskie”).Dystrybutor:Jeronimo Martins Polska S.A.Żniwna 5 62-025 Kostrzyn PLImporter:Jeronimo Martins Polska S.A.Żniwna 5 62-025 Kostrzyn PLNazwa wymagana prawnie:Przyprawa warzywna do potraw"}], "images": ["data/images/a6f2fb9b5f367fc519b4075c19d87890.jpg"], "absolute_path": "Artykuły spożywcze/Przyprawy/Przyprawy/Produkt 27"}
{"name": "Produkt 25", "url": "https://zakupy.biedronka.pl/kamis-kamis-przyprawa-do-miesa-mielonego-20-g-0000006942.html", "title": "Kamis Przyprawa do mięsa mielonego 20 g", "brand": "Kamis", "price": "2.19 PLN", "packaging_details": "0.02kg- 109,50 zł / kg", "description_sections": [{"header": "Składniki i alergeny", "content": "Składniki:przyprawy (czosnek, cebula (9 %), papryka słodka, kolendra,gorczycabiała, chili, pieprz czarny (4 %), kozieradka, ziele angielskie),sól,marchew,zioła (majeranek, tymianek, natka pietruszki)Alergeny:Może zawierać Seler, \n\nMoże zawierać Zboża zawierające gluten, \n\nMoże zawierać Jaja, \n\nMoże zawierać Mleko, \n\nZawiera Gorczyca, \n\nMoże zawierać SojaInne informacje o zawartości produktu:Dodatek MSG:Nie zawiera"}, {"header": "Wartość odżywcza", "content": "W 100 gWartość energetyczna249 kcalTłuszcz5.3 gw tym kwasy tłuszczowe nasycone0.6 gWęglowodany33 gw tym cukry9.3 gBiałko10 gSól27.3 g"}, {"header": "Pozostałe informacje", "content": "Kraj pochodzenia:PolskaKraj pochodzenia zależy od konkretnej partii produktu jaka znajduje się w sklepie. Informację o kraju pochodzenia znajdziesz na opakowaniu. Możesz również dodać komentarz z preferowanym typem produktu w koszyku lub wiadomości dla shoppera (np. “prosze o pomidory polskie”).Producent:McCormick Polska S.A.\nStefanowo\nul. Malinowa 18\\20\n05-552 Wólka KosowskaDystrybutor:McCormick Polska S.A.Stefanowo ul. Ma linowa 18/20Nazwa wymagana prawnie:Kamis Mieszanka przyprawowa przyprawa do mięsa mielonego 20 g"}], "images": ["data/images/91ce4feba4de14f47ae6b1a78c5bcb26.jpg"], "absolute_path": "Artykuły spożywcze/Przyprawy/Przyprawy/Produkt 25"}
{"name": "Produkt 26", "url": "https://zakupy.biedronka.pl/kamis-kamis-galka-muszkatolowa-mielona-9-g-0000006928.html", "title": "Kamis Gałka muszkatołowa mielona 9 g", "brand": "Kamis", "price": "2.19 PLN", "packaging_details": "0.009kg- 243,33 zł / kg", "description_sections": [{"header": "Opis produktu", "content": "Lekko pikantny smak gałki muszkatołowej rozgrzewa w chłodne zimowe wieczory. Gałka muszkatołowa jest wydobywana z nasiona drzewa muszkatołowca, a potem mielona na aromatyczny proszek używany w naszych przyprawach. Pamiętaj, zawsze szczelnie zamykaj opakowanie gałki muszkatołowej, żeby nie straciła swojego wyjątkowego aromatu.InspiracjeSpróbuj …Twoi goście długo nie zapomną smaku świątecznego bigosu, jeśli w trakcie gotowania dodasz szczyptę gałki muszkatołowej."}, {"header": "Składniki i alergeny", "content": "Składniki:Gałka muszkatołowa mielona.Inne informacje o zawartości produktu:Zawiera surowce GMO:Nie"}, {"header": "Pozostałe informacje", "content": "Kraj pochodzenia:PolskaKraj pochodzenia zależy od konkretnej partii produktu jaka znajduje się w sklepie. Informację o kraju pochodzenia znajdziesz na opakowaniu. Możesz również dodać komentarz z preferowanym typem produktu w koszyku lub wiadomości dla shoppera (np. “prosze o pomidory polskie”).Producent:McCormick Polska S.A.\nStefanowo\nul. Malinowa 18\\20\n05-552 Wólka KosowskaDystrybutor:McCormick Polska S.A.ul. Malinowa 18/20 05-552 Wólka Kosowskamccormick@pl.mccormick.comNazwa wymagana prawnie:KAMIS Gałka muszkatołowa mielona 9g"}], "images": ["data/images/31e6ce2feba8d81b3eccc00988a66e78.jpg"], "absolute_path": "Artykuły spożywcze/Przyprawy/Przyprawy/Produkt 26"}
{"name": "Produkt 1", "url": "https://zakupy.biedronka.pl/winiary-winiary-bulion-drobiowy-160-g-0000007745.html", "title": "Winiary Bulion Drobiowy 160 g", "brand": "Winiary", "price": "7.29 PLN", "packaging_details": "0.16kg- 45,56 zł / kg", "description_sections": [{"header": "Opis produktu", "content": "Pasteryzowany Bulion drobiowy Winiary to esencjonalny bulion o unikalnej półpłynnej konsystencji, który doskonale podkreśli smak Twoich potraw. Wykorzystać go możesz jako bazę do zup i sosów lub jako sposób na pogłębienie smaku różnorodnych dań.Dopracowany skład i wyjątkowa receptura na bazie wolno gotowanego wywaru z kurczaka gwarantują doskonały smak i aromat, a naturalny proces pasteryzacji zapewnia trwałość.Aby uzyskać esencjonalny bulion użyj 3 łyżki produktu na 1 litr wrzącej wody. Aby jedynie podkreślić smak Twoich potraw dodaj bulionu wedle uznania, aż danie nabierze pełnię smaku i aromatu.Pasteryzowany Bulion drobiowy Winiary to:- esencja smaku wolno gotowanego rosołu- wygodna alternatywa oszczędzająca czas- unikalna półpłynna konsystencja i wiele możliwości zastosowania- dopracowany skład i wyjątkowa receptura- produkt dostępny w wygodnym szklanym słoiczku- opakowanie 160 g wystarczy do przygotowania 3.5 l bulionu"}, {"header": "Składniki i alergeny", "content": "Składniki:baza bulionu drobiowego 69,3% (woda, sól, tłuszcz drobiowy 6,3%, ekstrakt drożdży, zagęszczony wywar drobiowy 2,8%, skrobia kukurydziana, zagęszczony sok z cytryny),woda,cukier,skrobia kukurydziana,aromaty (z pszenicą, selerem),kurkumaAlergeny:Seler i produkty pochodne, \n\nZboża zawierajace gluten, \n\nPszenica i produkty z pszenicyInne informacje o zawartości produktu:Zawiera surowce GMO:Nie"}, {"header": "Wartość odżywcza", "content": "W 100 mlWartość energetyczna kcal6 kcalZawartość tłuszczów (ogólnie)0.3 gKwasy tłuszczowe nasycone0.1 gZawartość węglowodanów0.5 gCukry0.4 gZawartość błonnika0 gZawartość białek0.2 gZawartość soli0.76 g"}, {"header": "Przechowywanie i sposób przygotowania", "content": "Sposób przygotowania:Do przygotowania bulionu użyj 3 łyżki (45 g) produktu na 1 litr wrzącej wody, wymieszaj, ponownie zagotuj. Zawartość słoika wystarczy do przygotowania 3,5 litra bulionu drobiowego.Rozwarstwienie produktu jest procesem naturalnym. Przed użyciem wstrząśnij."}, {"header": "Pozostałe informacje", "content": "Kraj pochodzenia:NiemcyKraj pochodzenia zależy od konkretnej partii produktu jaka znajduje się w sklepie. Informację o kraju pochodzenia znajdziesz na opakowaniu. Możesz również dodać komentarz z preferowanym typem produktu w koszyku lub wiadomości dla shoppera (np. “prosze o pomidory polskie”).Producent:Nestlé Polska S.A.\nul. Domaniewska 32\n02-672 WarszawaImporter:Nestle Polska S.ADomaniewska 32 02-672 Warszawa PLcs@pl.nestle.comNazwa wymagana prawnie:Pasteryzowany bulion drobiowy."}], "images": ["data/images/3568b074ae0823f4a3545c0cd3475557.jpg"], "absolute_path": "Artykuły spożywcze/Przyprawy/Bulion/Produkt 1"}
{"name": "Produkt 24", "url": "https://zakupy.biedronka.pl/kamis-kamis-papryka-ostra-mielona-16-g-0000016612.html", "title": "Kamis Papryka ostra mielona 16 g", "brand": "Kamis", "price": "2.19 PLN", "packaging_details": "0.016kg- 109,50 zł / kg", "description_sections": [{"header": "Składniki i alergeny", "content": "Alergeny:Może zawierać Seler, \n\nMoże zawierać Zboża zawierające gluten, \n\nMoże zawierać Jaja, \n\nMoże zawierać Mleko, \n\nMoże zawierać Gorczyca, \n\nMoże zawierać Soja"}, {"header": "Pozostałe informacje", "content": "Producent:McCormick Polska S.A.\nStefanowo\nul. Malinowa 18\\20\n05-552 Wólka KosowskaDystrybutor:McCormick Polska S.A.Stefanowo ul. Ma linowa 18/20Importer:McCormick Polska S.A.ul. Malinowa 18/20 05-552 Wólka Kosowska PLmccormick@pl.mccormick.comNazwa wymagana prawnie:Papryka ostra mielona."}], "images": ["data/images/df0eab6a68a0318598c75618d14b7a1f.jpg"], "absolute_path": "Artykuły spożywcze/Przyprawy/Przyprawy/Produkt 24"}
{"name": "Produkt 6", "url": "https://zakupy.biedronka.pl/winiary-winiary-krolewski-bulion-warzywny-15-szt.-135-g-0000003059.html", "title": "Winiary Królewski bulion warzywny (15 szt.) 135 g", "brand": "Winiary", "price": "4.29 PLN", "packaging_details": "0.135kg- 26,48 zł / kg", "description_sections": [{"header": "Opis produktu", "content": "Subrand:Królewski"}, {"header": "Składniki i alergeny", "content": "Składniki:sól,olej palmowy,wzmacniacze smaku (glutaminian monosodowy, 5'-rybonukleotydy disodowe),skrobia ziemniaczana,suszone warzywa 5,6 % (cebula, marchew, por, korzeń pietruszki, korzeńselera),przyprawy,ekstrakt drożdży,aromaty (z pszenicą, selerem),liść pietruszki,regulator kwasowości (kwas cytrynowy),cukier karmelizowany,przeciwutleniacz (wyciągi z rozmarynu)Alergeny:Zawiera Seler, \n\nMoże zawierać Mleko, \n\nMoże zawierać Soja, \n\nZawiera PszenicaInne informacje o zawartości produktu:Przeciwutleniacze:Zawiera, \n\nWzmacniacze smaku:Zawiera, \n\nSmaki / Aromaty:Zawiera, \n\nMSG (glutaminian):Zawiera"}, {"header": "Przechowywanie i sposób przygotowania", "content": "Sposób podania:Sposób przygotowania:Aby uzyskać esencjonalny bulion, rozpuść 2 kostki w 1 litrze wrzącej wody. Jeżeli chcesz doprawić zupę, dodaj 1 kostkę na 1 litr zupy. Kostki możesz użyć jako przyprawę, dodając je także do innych potraw.Po użyciu kostek większość potraw nie wymaga dosalania."}, {"header": "Pozostałe informacje", "content": "Producent:Nestlé Polska S.A.\nul. Domaniewska 32\n02-672 Warszawa\nPorozmawiajmy\n800 174 902\nwww.winiary.plDystrybutor:Nestlé Polska S.A.ul. Domaniewska 32 02-672 WarszawaNazwa wymagana prawnie:Bulion warzywny."}], "images": ["data/images/0a7ea0a72eb0f4fdc66f9cc3b74da5f3.jpg"], "absolute_path": "Artykuły spożywcze/Przyprawy/Bulion/Produkt 6"}
{"name": "Produkt 4", "url": "https://zakupy.biedronka.pl/winiary-winiary-bulion-warzywny-160-g-0000007744.html", "title": "Winiary Bulion warzywny 160 g", "brand": "Winiary", "price": "7.29 PLN", "packaging_details": "0.16kg- 45,56 zł / kg", "description_sections": [{"header": "Opis produktu", "content": ".Pasteryzowany Bulion warzywny Winiary to esencjonalny bulion o unikalnej półpłynnej konsystencji, który doskonale podkreśli smak Twoich potraw. Wykorzystać go możesz jako bazę do zup lub jako sposób na pogłębienie smaku różnorodnych dań.Dopracowany skład i wyjątkowa receptura na bazie wywaru z włoszczyzny gwarantują doskonały smak i aromat, a naturalny proces pasteryzacji zapewnia trwałość.Aby uzyskać esencjonalny bulion użyj 3 łyżki produktu na 1 litr wrzącej wody. Aby jedynie podkreślić smak Twoich potraw dodaj bulionu wedle uznania, aż danie nabierze pełnię smaku i aromatu.Pasteryzowany Bulion warzywny Winiary to:- esencja smaku warzywnego wywaru- wygodna alternatywa oszczędzająca czas- unikalna półpłynna konsystencja i wiele możliwości zastosowania- dopracowany skład i wyjątkowa receptura- produkt dostępny w wygodnym szklanym słoiczku- opakowanie 160 g wystarczy do przygotowania 3.5 l bulionu"}, {"header": "Składniki i alergeny", "content": "Składniki:baza bulionu warzywnego 69,6% (woda, sól, ekstrakt drożdży, warzywa 6,2% (marchew, cebula, por, czosnek, korzeńselera), olej słonecznikowy, skrobia kukurydziana, zagęszczony sok z cytryny, sól morska),woda,cukier,skrobia kukurydziana,aromaty (z pszenicą, selerem),kurkumaMoże zawierać:mleko.Alergeny:Seler i produkty pochodne, \n\nZboża zawierajace gluten, \n\nPszenica i produkty z pszenicyInne informacje o zawartości produktu:Zawiera surowce GMO:Nie"}, {"header": "Wartość odżywcza", "content": "W 100 mlWartość energetyczna kcal5 kcalZawartość tłuszczów (ogólnie)0.1 gKwasy tłuszczowe nasycone0 gZawartość węglowodanów0.6 gCukry0.4 gZawartość błonnika0 gZawartość białek0.2 gZawartość soli0.77 g"}, {"header": "Przechowywanie i sposób przygotowania", "content": "Sposób przygotowania:Do przygotowania bulionu użyj 3 łyżki (45 g) produktu na 1 litr wrzącej wody, wymieszaj, ponownie zagotuj. Zawartość słoika wystarczy do przygotowania 3,5 litra bulionu warzywnego.Rozwarstwienie produktu jest procesem naturalnym. Przed użyciem wstrząśnij."}, {"header": "Pozostałe informacje", "content": "Kraj pochodzenia:NiemcyKraj pochodzenia zależy od konkretnej partii produktu jaka znajduje się w sklepie. Informację o kraju pochodzenia znajdziesz na opakowaniu. Możesz również dodać komentarz z preferowanym typem produktu w koszyku lub wiadomości dla shoppera (np. “prosze o pomidory polskie”).Producent:Nestlé Polska S.A.\nul. Domaniewska 32\n02-672 WarszawaImporter:Nestle Polska S.ADomaniewska 32 02-672 Warszawa PLcs@pl.nestle.comNazwa wymagana prawnie:Pasteryzowany bulion warzywny."}], "images": ["data/images/e98b9713359d9a7c1370562df030e56f.jpg"], "absolute_path": "Artykuły spożywcze/Przyprawy/Bulion/Produkt 4"}
{"name": "Produkt 3", "url": "https://zakupy.biedronka.pl/winiary-winiary-bulion-wolowy-160-g-0000007746.html", "title": "Winiary Bulion wołowy 160 g", "brand": "Winiary", "price": "7.29 PLN", "packaging_details": "0.16kg- 45,56 zł / kg", "description_sections": [{"header": "Opis produktu", "content": "Bulion wołowy Winiary cieszy się popularnością za sprawą tego, iż można go wykorzystać na wiele różnych sposobów. Jego prosty skład i baza z wolno gotowanego wywaru sprawiają, że jest szybką i wygodną alternatywą dla domowego, gotowanego przez kilka godzin rosołu. Dzięki unikalnej, półpłynnej konsystencji i szybkiemu rozpuszczaniu się w płynach doskonale sprawdzi się nie tylko w zupach, ale także w drugich daniach. WINIARY bulion wołowy okaże się strzałem w dziesiątkę w przypadku chęci głębokiego podkreślenia smaku przygotowywanych potraw.Bulion wołowy Winiary charakteryzuje esencjonalny, mięsny smak i głęboki kolor. Jego bazą jest wolno gotowany, pełen smaku wywar wołowy, dlatego świetnie sprawdzi się jako dodatek do ciemnych sosów, gulaszu czy pieczeni. Doceni go też każdy fan ramenu i sosu bolońskiego!Pasteryzowany bulion wołowy Winiary zaskoczy najbardziej wymagających użytkowników, którzy chcą nieco poeksperymentować we własnej kuchni i zapewnić sobie wyśmienity smak oraz aromat przygotowywanych potraw.Bulion w słoiczku Winiary zaskakuje swoją wydajnością oraz maksymalną wygodą użytkowania. Z jednego słoiczka przygotujesz aż 3,5 litra bulionu. Do przygotowania 1 litra klarownego bulionu wystarczą 3 łyżki na litr wrzącej wody. Chcesz podkreślić smak potraw? Po prostu dodaj go wedle uznania.Bulion wołowy Winiary jako dodatek do potraw zasmakuje nie tylko domownikom, ale też zaproszonym gościom. Warto mieć go przy sobie nie tylko w trakcie codziennego przygotowywania posiłków, ale też przy specjalnych uroczystościach.Nowy Bulion wołowy Winiary:- jest esencjonalny i aromatyczny, dzięki recepturze na bazie wolno gotowanego wywaru wołowego,- jest idealny do podkreślenia smaku sosów, pieczeni, gulaszu,- dzięki unikalnej półpłynnej konsystencji łatwo rozpuszcza się w płynach,- jest opakowany w szklany słoiczek i naturalnie pasteryzowany- jest wydajny - wystarcza aż na 3,5 litra bulionu.Wypróbuj bulion wołowy Winiary w swojej kuchni!"}, {"header": "Składniki i alergeny", "content": "Składniki:baza bulionu wołowego 64,8 % (woda, sól, tłuszcz wołowy 5,4 %, ekstrakt drożdży, zagęszczony ekstrakt mięsa wołowego 1,7 %, zagęszczony sok z cytryny),woda,cukier,skrobia kukurydziana,aromaty (z pszenicą)Alergeny:Może zawierać Seler, \n\nZawiera Pszenica"}, {"header": "Przechowywanie i sposób przygotowania", "content": "Sposób podania:Sposób użycia:Do przygotowania bulionu użyj 3 łyżki (45 g) produktu na 1 litr wrzącej wody, wymieszaj, ponownie zagotuj. Zawartość słoika wystarczy do przygotowania 3,5 litra bulionu wołowego.Rozwarstwienie produktu jest procesem naturalnym. Przed użyciem wstrząśnij.Zawsze używaj czystej łyżki."}, {"header": "Pozostałe informacje", "content": "Kraj pochodzenia:NiemcyKraj pochodzenia zależy od konkretnej partii produktu jaka znajduje się w sklepie. Informację o kraju pochodzenia znajdziesz na opakowaniu. Możesz również dodać komentarz z preferowanym typem produktu w koszyku lub wiadomości dla shoppera (np. “prosze o pomidory polskie”).Producent:Nestlé Polska S.A.\nul. Domaniewska 32\n02-672 WarszawaNazwa wymagana prawnie:Pasteryzowany bulion wołowy. Na bazie wolno gotowanego wywaru."}], "images": ["data/images/63b69a6bcf7643eef6a87017d9b8f617.jpg"], "absolute_path": "Artykuły spożywcze/Przyprawy/Bulion/Produkt 3"}
{"name": "Produkt 2", "url": "https://zakupy.biedronka.pl/winiary-winiary-krolewski-rosol-drobiowy-15-szt.-135-g-0000003060.html", "title": "Winiary Królewski rosół drobiowy (15 szt.) 135 g", "brand": "Winiary", "price": "4.29 PLN", "packaging_details": "0.135kg- 26,48 zł / kg", "description_sections": [{"header": "Opis produktu", "content": "Subrand:Królewski"}, {"header": "Składniki i alergeny", "content": "Składniki:sól,olej palmowy,wzmacniacze smaku (glutaminian monosodowy, 5'-rybonukleotydy disodowe),skrobia ziemniaczana,aromaty (z pszenicą, selerem),cukier,tłuszcz drobiowy 2,0 %,przyprawy,suszone warzywa (cebula, marchew),regulator kwasowości (kwas cytrynowy),liść pietruszki,suszone mięso z kury 0,1 %,przeciwutleniacz (wyciągi z rozmarynu)Alergeny:Zawiera Seler, \n\nMoże zawierać Mleko, \n\nMoże zawierać Soja, \n\nZawiera PszenicaInne informacje o zawartości produktu:Przeciwutleniacze:Zawiera, \n\nWzmacniacze smaku:Zawiera, \n\nSmaki / Aromaty:Zawiera, \n\nMSG (glutaminian):Zawiera"}, {"header": "Przechowywanie i sposób przygotowania", "content": "Sposób podania:Sposób przygotowania: aby uzyskać esencjonalny rosół, rozpuść 2 kostki w 1 litrze wrzącej wody. Jeżeli chcesz doprawić zupę, dodaj 1 kostkę na 1 litr zupy. Kostki możesz użyć jako przyprawę, dodając je także do innych potraw.Po użyciu kostek większość potraw nie wymaga dosalania."}, {"header": "Pozostałe informacje", "content": "Producent:Nestlé Polska S.A.,\nul. Domaniewska 32,\n02-672 Warszawa\nWarto porozmawiać\nwww.winiary.pl\n800 16 16 66Dystrybutor:Nestlé Polska S.A.ul. Domaniewska 32 02-672 WarszawaNazwa wymagana prawnie:Rosół drobiowy."}], "images": ["data/images/52a663a5492d1d62f262bd094a1ef707.jpg"], "absolute_path": "Artykuły spożywcze/Przyprawy/Bulion/Produkt 2"}
{"name": "Produkt 5", "url": "https://zakupy.biedronka.pl/winiary-winiary-krolewski-rosol-wolowy-15-szt.-135-g-0000003063.html", "title": "Winiary Królewski rosół wołowy (15 szt.) 135 g", "brand": "Winiary", "price": "4.29 PLN", "packaging_details": "0.135kg- 26,48 zł / kg", "description_sections": [{"header": "Opis produktu", "content": "Subrand:Królewski"}, {"header": "Składniki i alergeny", "content": "Składniki:sól,olej palmowy,skrobia ziemniaczana,wzmacniacze smaku (glutaminian monosodowy, 5'-rybonukleotydy disodowe),aromaty,cukier,suszone mięso wołowe 2,2 %,cukier karmelizowany,suszone warzywa (cebula, czosnek, marchew),regulator kwasowości (kwas cytrynowy),liść pietruszki,pieprz czarny,przeciwutleniacz (wyciągi z rozmarynu)Alergeny:Może zawierać Seler, \n\nMoże zawierać Zboża zawierające gluten, \n\nMoże zawierać Jaja, \n\nMoże zawierać Mleko, \n\nMoże zawierać Gorczyca, \n\nMoże zawierać SojaInne informacje o zawartości produktu:Przeciwutleniacze:Zawiera, \n\nWzmacniacze smaku:Zawiera, \n\nSmaki / Aromaty:Zawiera, \n\nMSG (glutaminian):Zawiera"}, {"header": "Przechowywanie i sposób przygotowania", "content": "Sposób podania:Sposób przygotowania:Aby uzyskać esencjonalny rosół, rozpuść 2 kostki w 1 litrze wrzącej wody. Jeżeli chcesz doprawić zupę, dodaj 1 kostkę na 1 litr zupy. Kostki możesz użyć jako przyprawę, dodając je także do innych potraw.Po użyciu kostek większość potraw nie wymaga dosalania."}, {"header": "Pozostałe informacje", "content": "Producent:Nestlé Polska S.A.\nul. Domaniewska 32\n02-672 Warszawa\nPorozmawiajmy\nwww.winiary.pl\n800 16 16 66Dystrybutor:Nestlé Polska S.A.ul. Domaniewska 32 02-672 WarszawaNazwa wymagana prawnie:Rosół wołowy."}], "images": ["data/images/b7b3273a6ab91a520009e9b186e2ecbe.jpg"], "absolute_path": "Artykuły spożywcze/Przyprawy/Bulion/Produkt 5"}
{"name": "Produkt 1", "url": "https://zakupy.biedronka.pl/lipton-lipton-yellow-label-herbata-czarna-92-torebki-184-g-0000003556.html", "title": "Lipton Yellow Label Herbata czarna (92 torebki) 184 g", "brand": "Lipton", "price": "19.99 PLN", "packaging_details": "92szt.- 0,22 zł / szt", "description_sections": [{"header": "Opis produktu", "content": "Posmakuj słońca......w każdej filiżance herbaty Lipton Yellow Label wypełnionej bogactwem smaku i aromatu.Ożywczy smak herbaty Lipton Yellow Label otworzy cię na cudowny świat, który cię otacza.Stworzona ze świeżo zbieranych, dojrzewających w słońcu i starannie, wyselekcjonowanych młodych listków herbata Lipton Yellow Label pozwala ci się cieszyć zachwycająco pełnym i bogatym smakiem oraz aromatem.Rozkoszuj się herbatą pełną słońca, by dostrzec, co jest naprawdę ważne i co ten wspaniały świat chce ci zaoferować. Lipton Yellow Label."}, {"header": "Składniki i alergeny", "content": "Składniki:herbata czarna¹,aromat,¹Certyfikowane Rainforest Alliance"}, {"header": "Pozostałe informacje", "content": "Nazwa wymagana prawnie:Herbata czarna aromatyzowana."}], "images": ["data/images/b1e88d2ec0169db52a9e67bfc10f1fd2.jpg"], "absolute_path": "Artykuły spożywcze/Herbaty/Herbata czarna/Produkt 1"}
{"name": "Produkt 2", "url": "https://zakupy.biedronka.pl/adalberts-tea-adalberts-tea-earl-grey-herbata-czarna-25-torebek-0000007111.html", "title": "Adalbert's Tea Earl Grey Herbata czarna 25 torebek", "brand": "Adalbert's Tea", "price": "8.49 PLN", "packaging_details": "25szt.- 0,34 zł / szt", "description_sections": [{"header": "Opis produktu", "content": "Herbata Earl Grey marki Adalbert’s to najwyższej jakości herbata cejlońska z dodatkiem aromatu bergamoty. Ta doskonała kompozycja daje jasną i niezwykle aromatyczną herbatę o niezapomnianym głębokim smaku. To idealne połączenie czarnej herbaty z aromatem bergamotki jest jednym z najpopularniejszych i najbardziej rozpoznawanych smaków herbaty na świecie.Herbata zapakowana w ekskluzywny kartonik, z ciekawymi wytłoczeniami. W kartoniku znajduje się 25 pięknie zdobionych, papierowych saszetek, a każda saszetka zawiera 2 gramy najwyższej jakości herbaty Adalbert's."}, {"header": "Składniki i alergeny", "content": "Składniki:czarna herbata cejlońska BOPF (98%), aromat bergamotki (2%)"}, {"header": "Przechowywanie i sposób przygotowania", "content": "Sposób podania:Sposób przygotowania: do filiżanki włożyć 1 saszetkę herbaty i zalać świeżym wrzątkiem (100°C). Parzyć 3-5 minut."}, {"header": "Pozostałe informacje", "content": "Nazwa wymagana prawnie:Herbata czarna Earl Grey, w saszetkach."}], "images": ["data/images/46f07b3d64f5302b7933231a3e1e428a.jpg", "data/images/7d0e3254ccd89194f635c1e6afa268c7.jpg"], "absolute_path": "Artykuły spożywcze/Herbaty/Herbata czarna/Produkt 2"}
{"name": "Produkt 3", "url": "https://zakupy.biedronka.pl/adalberts-tea-adalberts-tea-herbata-czarna-lisciasta-tropikalna-100-g-0000007239.html", "title": "Adalbert's Tea Herbata czarna liściasta tropikalna 100 g", "brand": "Adalbert's Tea", "price": "17.99 PLN", "packaging_details": "0.1kg- 179,90 zł / kg", "description_sections": [{"header": "Składniki i alergeny", "content": "Składniki:czarna herbata, cejlońska OP1 (96 %),kawałki owoców - papaja, mango, melon (2 %),aromat tropikalnych owoców (2 %)"}, {"header": "Wartość odżywcza", "content": "W 100 gWartość energetyczna0 kcalTłuszcz0 gWęglowodany0 gBiałko0 g"}, {"header": "Przechowywanie i sposób przygotowania", "content": "Sposób podania:Sposób przygotowania: do filiżanki wsypać 1 łyżeczkę herbaty i zalać świeżym wrzątkiem (100°C). Parzyć 3-5 minut."}, {"header": "Pozostałe informacje", "content": "Producent:Adalbert's Sp. z o.o.\nul. Szyszkowa 35\\37\n02-285 Warszawa\nadalberts.pl\nbiuro@adalberts.plDystrybutor:Adalbert's Sp. z o.o.ul. Szyszkowa 35/37 02-285 Warszawabiuro@adalberts.plNazwa wymagana prawnie:Adalbert's Tea Herbata czarna liściasta tropikalna 100 g"}], "images": ["data/images/2f7b35a1f80f32561d8e1399ac649f7b.jpg", "data/images/b52a92b49b044491c5564e5e4b59697b.jpg"], "absolute_path": "Artykuły spożywcze/Herbaty/Herbata czarna/Produkt 3"}
{"name": "Produkt 4", "url": "https://zakupy.biedronka.pl/dilmah-dilmah-herbata-czarna-mango-and-strawberry-flavoured-20-torebek-30-g-0000022084.html", "title": "Dilmah Herbata czarna Mango & Strawberry Flavoured 20 torebek 30 g", "brand": "Dilmah", "price": "8.99 PLN", "packaging_details": "20szt.- 0,45 zł / szt", "description_sections": [{"header": "Opis produktu", "content": "Podczas dalekiej podróży w egzotyczne regiony świata warto mieć pod ręką coś dobrze znanego, swojskiego. Dotyczy to także podróży kulinarnych w tropiki… W tej herbacie pociągającym tubylcem jest słodki, ciepły aromat mango; natomiast tęsknotą za domem rodzinnym - przyjemnie kwaskowata truskawka."}, {"header": "Składniki i alergeny", "content": "Składniki:czarna herbata cejlońska z jednego regionu (liść BOPF), aromaty (6%), naturalny aromat truskawki (0,5%), naturalny aromat mango (0,5%).Inne informacje o zawartości produktu:Zawiera surowce GMO:Nie"}, {"header": "Pozostałe informacje", "content": "Kraj pochodzenia:Sri LankaKraj pochodzenia zależy od konkretnej partii produktu jaka znajduje się w sklepie. Informację o kraju pochodzenia znajdziesz na opakowaniu. Możesz również dodać komentarz z preferowanym typem produktu w koszyku lub wiadomości dla shoppera (np. “prosze o pomidory polskie”).Producent:Dilmah Ceylon Tea Company PLCNegombo Road 111 11830 Peliyagoda LKinfo@dilmahtea.comDystrybutor:Jeronimo Martins Polska S.A.Żniwna 5 62-025 Kostrzyn PLImporter:GOURMET FOODS Sp. z o.o.Wybrzeże Gdyńskie 6A 01-531 Warszawa PLinfo@gourmetfoods.plNazwa wymagana prawnie:Cejlońska herbata czarna aromatyzowana \"Mango i Truskawka''"}], "images": ["data/images/7fc35a5ed6973969be8be4dfed698ddb.jpg"], "absolute_path": "Artykuły spożywcze/Herbaty/Herbata czarna/Produkt 4"}
{"name": "Produkt 5", "url": "https://zakupy.biedronka.pl/dilmah-dilmah-czarna-herbata-lemon-flavoured-20-torebek-30-g-0000022085.html", "title": "Dilmah Czarna herbata Lemon Flavoured 20 torebek 30 g", "brand": "Dilmah", "price": "8.99 PLN", "packaging_details": "20szt.- 0,45 zł / szt", "description_sections": [{"header": "Opis produktu", "content": "Herbata z cytryną to polska specjalność całoroczna - latem dodajemy cytrynę do herbaty dla orzeźwienia, zimą natomiast dla rozgrzewki… Tych, którzy lubią ten charakterystyczny kwaśno-gorzki smak, filiżanka herbaty Lemon na pewno zachwyci."}, {"header": "Składniki i alergeny", "content": "Składniki:czarna herbata cejlońska z jednego regionu (liść BOPF), aromat (4%), skórka cytrynowa (0,5%).Inne informacje o zawartości produktu:Zawiera surowce GMO:Nie"}, {"header": "Pozostałe informacje", "content": "Kraj pochodzenia:Sri LankaKraj pochodzenia zależy od konkretnej partii produktu jaka znajduje się w sklepie. Informację o kraju pochodzenia znajdziesz na opakowaniu. Możesz również dodać komentarz z preferowanym typem produktu w koszyku lub wiadomości dla shoppera (np. “prosze o pomidory polskie”).Producent:Dilmah Ceylon Tea Company PLCNegombo Road 111 11830 Peliyagoda LKinfo@dilmahtea.comDystrybutor:Jeronimo Martins Polska S.A.Żniwna 5 62-025 Kostrzyn PLImporter:GOURMET FOODS Sp. z o.o.Wybrzeże Gdyńskie 6A 01-531 Warszawa PLinfo@gourmetfoods.plNazwa wymagana prawnie:Cejlońska herbata czarna aromatyzowana \"Cytryna''"}], "images": ["data/images/2bd61e528df2ff0afcf52267b5f1d106.jpg"], "absolute_path": "Artykuły spożywcze/Herbaty/Herbata czarna/Produkt 5"}
{"name": "Produkt 1", "url": "https://zakupy.biedronka.pl/adalberts-tea-adalberts-tea-herbata-zielona-z-wyciagiem-z-flaszowca-miekkociernistego-lisciasta-100-g-0000007238.html", "title": "Adalbert's Tea Herbata zielona z wyciągiem z flaszowca miękkociernistego liściasta 100 g", "brand": "Adalbert's Tea", "price": "17.99 PLN", "packaging_details": "0.1kg- 179,90 zł / kg", "description_sections": [{"header": "Opis produktu", "content": "Podaruj sobie bogactwo smaku i zdrowia w każdej kropli herbaty zielonej Adalbert's Tea Soursop. To prawdziwe arcydzieło natury powstało z połączenia zielonych listów zebranych ręcznie w cejlońskich ogrodach herbacianych oraz słodkiego owocu soursop. Nie dziwi zatem, że napar ten zachwyca najbardziej wymagających koneserów herbat. Połącznie dobroczynnych właściwości herbaty zielonej z owocem soursop, wspiera także zdrowie i dobrą kondycje fizyczną. Herbata Adalbert's Tea Soursop to odpowiedź na zdrowy styl życia ze smakiem."}, {"header": "Składniki i alergeny", "content": "Składniki:zielona herbata cejlońska GP1 (98 %),aromat flaszowca miękkociernistego (2 %)"}, {"header": "Przechowywanie i sposób przygotowania", "content": "Sposób podania:Sposób przygotowania: do filiżanki wsypać 1 łyżeczkę herbaty i zalać gorącą wodą (80 °C). Parzyć 1-3 minuty."}, {"header": "Pozostałe informacje", "content": "Nazwa wymagana prawnie:Herbata zielona z wyciągiem z flaszowca miękkociernistego - liściasta."}], "images": ["data/images/a21ef4d10e792279e9f7d67451852ea6.jpg"], "absolute_path": "Artykuły spożywcze/Herbaty/Herbata zielona/Produkt 1"}
{"name": "Produkt 6", "url": "https://zakupy.biedronka.pl/adalberts-tea-adalberts-tea-breakfast-tea-herbata-czarna-25-torebek-0000007120.html", "title": "Adalbert's Tea Breakfast Tea Herbata czarna 25 torebek", "brand": "Adalbert's Tea", "price": "8.49 PLN", "packaging_details": "25szt.- 0,34 zł / szt", "description_sections": [{"header": "Składniki i alergeny", "content": "Składniki:czarna herbata cejlońska BOPF"}, {"header": "Pozostałe informacje", "content": "Nazwa wymagana prawnie:Herbata czarna w saszetkach."}], "images": ["data/images/5136303c48388bb2383e020d832cd15a.jpg"], "absolute_path": "Artykuły spożywcze/Herbaty/Herbata czarna/Produkt 6"}
{"name": "Produkt 3", "url": "https://zakupy.biedronka.pl/lipton-lipton-herbata-zielona-malina-and-granat-20-torebek-28-g-0000017014.html", "title": "Lipton Herbata zielona malina & granat (20 torebek) 28 g", "brand": "Lipton", "price": "9.99 PLN", "packaging_details": "20szt.- 0,50 zł / szt", "description_sections": [{"header": "Opis produktu", "content": "Odkryj zieloną herbatę z flawonoidami!Porcja² zielonej herbaty Lipton malina & granat zawiera 75 mg flawonoidów. Flawonoidy, to naturalne związki które występują w herbacie, owocach i warzywach. Ciesz się orzeźwiającym smakiem 2 kubków zielonej herbaty Lipton dziennie.²200 ml"}, {"header": "Składniki i alergeny", "content": "Składniki:herbata zielona¹,aromaty,maliny (1,9 %),skórka granatu (1,99 %),maltodekstryna,¹Certyfikowane Rainforest AllianceInne informacje o zawartości produktu:Smaki / Aromaty:Zawiera"}, {"header": "Wartość odżywcza", "content": "W 100 mlWartość energetyczna4 kcalTłuszcz0.5 gw tym kwasy tłuszczowe nasycone0.1 gWęglowodany0.5 gw tym cukry0.5 gBiałko0.5 gSól0.01 g"}, {"header": "Pozostałe informacje", "content": "Nazwa wymagana prawnie:Herbata zielona aromatyzowana."}], "images": ["data/images/7a58ee6c020a7161d902aa1c8e199d65.jpg"], "absolute_path": "Artykuły spożywcze/Herbaty/Herbata zielona/Produkt 3"}
{"name": "Produkt 7", "url": "https://zakupy.biedronka.pl/adalberts-tea-adalberts-tea-herbata-czarna-o-smaku-owocow-tropikalnych-25-torebek-0000007108.html", "title": "Adalbert's Tea Herbata czarna o smaku owoców tropikalnych 25 torebek", "brand": "Adalbert's Tea", "price": "8.49 PLN", "packaging_details": "25szt.- 0,34 zł / szt", "description_sections": [{"header": "Składniki i alergeny", "content": "Składniki:czarna herbata cejlońska BOPF (98 %),aromat tropikalnych owoców (2 %)"}, {"header": "Przechowywanie i sposób przygotowania", "content": "Sposób podania:Sposób przygotowania: do filiżanki włożyć 1 saszetkę herbaty i zalać świeżym wrzątkiem (100°C). Parzyć 3-5 minut."}, {"header": "Pozostałe informacje", "content": "Nazwa wymagana prawnie:Herbata czarna o smaku owoców tropikalnych, w saszetkach."}], "images": ["data/images/7649c0c62b12571d03e27d7a380a1b75.jpg", "data/images/af5119f2bf36963c6c5300bd8ac2ac47.jpg"], "absolute_path": "Artykuły spożywcze/Herbaty/Herbata czarna/Produkt 7"}
{"name": "Produkt 2", "url": "https://zakupy.biedronka.pl/big-active-big-active-herbata-zielona-z-mango-lisc-100-g-0000004238.html", "title": "Big-Active Herbata zielona z mango liść 100 g", "brand": "Big-Active", "price": "5.99 PLN", "packaging_details": "0.1kg- 59,90 zł / kg", "description_sections": [{"header": "Opis produktu", "content": "Big-Active to opowieść o wytyczaniu własnej drogi, zdobywaniu nowych doświadczeń i poszukiwaniu tego co autentyczne.Z nami dobre chwile, pasja i smak zyskają wyjątkowe dopełnienie.Spróbuj egzotycznych i wyszukanych smaków naszej herbaty i odkryj świat Big-Active!"}, {"header": "Składniki i alergeny", "content": "Składniki:herbata zielona (83,4%), jabłko, aromat, owoc mango (0,5%), płatki kwiatu nagietka (0,5%).Inne informacje o zawartości produktu:Zawiera surowce GMO:Nie"}, {"header": "Wartość odżywcza", "content": "W 100 mlWartość energetyczna kcal2 kcalZawartość tłuszczów (ogólnie)0 gKwasy tłuszczowe nasycone0 gZawartość węglowodanów0.5 gCukry0 gZawartość białek0 gZawartość soli0 g"}, {"header": "Pozostałe informacje", "content": "Kraj pochodzenia:PolskaKraj pochodzenia zależy od konkretnej partii produktu jaka znajduje się w sklepie. Informację o kraju pochodzenia znajdziesz na opakowaniu. Możesz również dodać komentarz z preferowanym typem produktu w koszyku lub wiadomości dla shoppera (np. “prosze o pomidory polskie”).Producent:„Herbapol-Lublin\" S.A.\nul. Diamentowa 25\n20-471 Lublin,\nPolska\nwww.big-active.plDystrybutor:Herbapol Lublin S.A.Diamentowa 25 81-748 Lublinlublin@herbapol.com.plNazwa wymagana prawnie:Herbata zielona liściasta z mango 100g"}], "images": ["data/images/52be7da326ae0b42c9b6638aaf159caa.jpg"], "absolute_path": "Artykuły spożywcze/Herbaty/Herbata zielona/Produkt 2"}
{"name": "Produkt 7", "url": "https://zakupy.biedronka.pl/lipton-lipton-herbata-zielona-malina-and-granat-20-torebek-28-g-0000023998.html", "title": "Lipton Herbata zielona malina & granat (20 torebek) 28 g", "brand": "Lipton", "price": "9.99 PLN", "packaging_details": "20szt.- 0,50 zł / szt", "description_sections": [{"header": "Opis produktu", "content": "Odkryj zieloną herbatę z flawonoidami!Porcja² zielonej herbaty Lipton malina & granat zawiera 75 mg flawonoidów. Flawonoidy, to naturalne związki które występują w herbacie, owocach i warzywach. Ciesz się orzeźwiającym smakiem 2 kubków zielonej herbaty Lipton dziennie.²200 ml"}, {"header": "Składniki i alergeny", "content": "Składniki:herbata zielona¹,aromaty,maliny (1,9 %),skórka granatu (1,99 %),maltodekstryna,¹Certyfikowane Rainforest AllianceInne informacje o zawartości produktu:Smaki / Aromaty:Zawiera"}, {"header": "Wartość odżywcza", "content": "W 100 mlWartość energetyczna4 kcalTłuszcz0.5 gw tym kwasy tłuszczowe nasycone0.1 gWęglowodany0.5 gw tym cukry0.5 gBiałko0.5 gSól0.01 g"}, {"header": "Pozostałe informacje", "content": "Producent:Lipton,\nPO Box 35002,\n3005 DA Rotterdam,\nThe Netherlands\nhello.pl@lipton.com\nwww.liptonteas.comDystrybutor:Jeronimo Martins Polska S.A.Żniwna 5 62-025 Kostrzyn PLImporter:Jeronimo Martins Polska S.A.Żniwna 5 62-025 Kostrzyn PLNazwa wymagana prawnie:Herbata zielona aromatyzowana."}], "images": ["data/images/7a58ee6c020a7161d902aa1c8e199d65.jpg"], "absolute_path": "Artykuły spożywcze/Herbaty/Herbata zielona/Produkt 7"}
{"name": "Produkt 4", "url": "https://zakupy.biedronka.pl/big-active-big-active-zielona-herbata-z-owocem-pigwy-lisciasta-100-g-0000004242.html", "title": "Big-Active Zielona herbata z owocem pigwy liściasta 100 g", "brand": "Big-Active", "price": "5.99 PLN", "packaging_details": "0.1kg- 59,90 zł / kg", "description_sections": [{"header": "Opis produktu", "content": "Dopełnienie dobrych chwil. Big- Active to opowieść o wytyczaniu własnej drogi, zdobywaniu nowych doświadczeń i poszukiwaniu tego co autentyczne. Z nami dobre chwile, pasja i smak zyskają wyjątkowe dopełnienie. Spróbuj egzotycznych i wyszukanych smaków herbaty i odkryj świat Big- Active! Herbaty zielone Big- Actuve wyróżniają innowacyjne smaki, duże liście, egzotyczne płatki kwiatów."}, {"header": "Składniki i alergeny", "content": "Składniki:herbata zielona (78%), owoc pigwy (20%), aromat, płatki kwiatu nagietka (0,5%)Inne informacje o zawartości produktu:Zawiera surowce GMO:Nie"}, {"header": "Wartość odżywcza", "content": "W 100 gWartość energetyczna kcal1 kcalZawartość tłuszczów (ogólnie)0 gKwasy tłuszczowe nasycone0 gZawartość węglowodanów0 gCukry0 gZawartość białek0 gZawartość soli0 g"}, {"header": "Przechowywanie i sposób przygotowania", "content": "Sposób przygotowania:1 łyżeczkę herbaty (2g) zalać szklanką (200ml) gorącej wody. Zaparzać przez 2-3 min."}, {"header": "Pozostałe informacje", "content": "Kraj pochodzenia:PolskaKraj pochodzenia zależy od konkretnej partii produktu jaka znajduje się w sklepie. Informację o kraju pochodzenia znajdziesz na opakowaniu. Możesz również dodać komentarz z preferowanym typem produktu w koszyku lub wiadomości dla shoppera (np. “prosze o pomidory polskie”).Producent:Big-Active Sp. z o.o.\nul. Bobrowiecka 6\n00-728 WarszawaDystrybutor:Herbapol Lublin S.A.Diamentowa 25 81-748 Lublinlublin@herbapol.com.plNazwa wymagana prawnie:Herbata zielona o smaku pigwy z dodatkiem owoców i płatków kwiatów, liściasta"}], "images": ["data/images/8aac0e66554d5f43983e71d504554a5c.jpg"], "absolute_path": "Artykuły spożywcze/Herbaty/Herbata zielona/Produkt 4"}
{"name": "Produkt 8", "url": "https://zakupy.biedronka.pl/lipton-lipton-herbata-zielona-mandarynka-and-pomarancza-20-torebek-36-g-0000017013.html", "title": "Lipton Herbata zielona mandarynka & pomarańcza (20 torebek) 36 g", "brand": "Lipton", "price": "9.99 PLN", "packaging_details": "20szt.- 0,50 zł / szt", "description_sections": [{"header": "Opis produktu", "content": "Odkryj zieloną herbatę z flawonoidami!Porcja² zielonej herbaty Lipton Malina & Granat zawiera 75 mg flawonoidów. Flawonoidy, to naturalne związki które występują w herbacie, owocach i warzywach. Ciesz się orzeźwiającym smakiem 2 kubków zielonej herbaty Lipton dziennie.²200 ml"}, {"header": "Składniki i alergeny", "content": "Składniki:herbata zielona¹,naturalny aromat pomarańczowy z innymi naturalnymi aromatami,skórka mandarynki (2,9 %),skórka pomarańczy (2,9 %),¹Certyfikowane Rainforest AllianceInne informacje o zawartości produktu:Smaki / Aromaty:Zawiera"}, {"header": "Wartość odżywcza", "content": "W 100 mlWartość energetyczna4 kcalTłuszcz0.5 gw tym kwasy tłuszczowe nasycone0.1 gWęglowodany0.5 gw tym cukry0.5 gBiałko0.5 gSól0.01 g"}, {"header": "Pozostałe informacje", "content": "Nazwa wymagana prawnie:Herbata zielona aromatyzowana."}], "images": ["data/images/7cf864fbe06d4da0af4f7cbd487f1ae6.jpg"], "absolute_path": "Artykuły spożywcze/Herbaty/Herbata zielona/Produkt 8"}
{"name": "Produkt 5", "url": "https://zakupy.biedronka.pl/lipton-lipton-nature-herbata-zielona-20-torebek-28-g-0000023999.html", "title": "Lipton Nature Herbata Zielona (20 torebek) 28 g", "brand": "Lipton", "price": "9.99 PLN", "packaging_details": "20szt.- 0,50 zł / szt", "description_sections": [{"header": "Opis produktu", "content": "Trzy słowa rzadko używane, aby opisać zieloną herbatę: niezwykle delikatny smak. W opakowaniu znajdziesz tysiące delikatnych, młodych listków herbaty, zbyt niewinnych, aby skrywać nawet odrobinę goryczy. Listki herbaty, poddane starannemu suszeniu, mają w naszej torebce piramidce dużo przestrzeni, aby uwolnić swój orzeźwiający smak.Cudowna delikatność smaku!"}, {"header": "Składniki i alergeny", "content": "Składniki:herbata zielona z naturalnym aromatem"}, {"header": "Pozostałe informacje", "content": "Kraj pochodzenia:PolskaKraj pochodzenia zależy od konkretnej partii produktu jaka znajduje się w sklepie. Informację o kraju pochodzenia znajdziesz na opakowaniu. Możesz również dodać komentarz z preferowanym typem produktu w koszyku lub wiadomości dla shoppera (np. “prosze o pomidory polskie”).Dystrybutor:Jeronimo Martins Polska S.A.Żniwna 5 62-025 Kostrzyn PLImporter:Jeronimo Martins Polska S.A.Żniwna 5 62-025 Kostrzyn PLNazwa wymagana prawnie:Herbata zielona."}], "images": ["data/images/5932ab3493a9e8392a5faf3de2674c4a.jpg"], "absolute_path": "Artykuły spożywcze/Herbaty/Herbata zielona/Produkt 5"}
{"name": "Produkt 6", "url": "https://zakupy.biedronka.pl/lipton-lipton-herbata-zielona-20-torebek-28-g-0000017015.html", "title": "Lipton Herbata zielona (20 torebek) 28 g", "brand": "Lipton", "price": "9.99 PLN", "packaging_details": "20szt.- 0,50 zł / szt", "description_sections": [{"header": "Opis produktu", "content": "Odkryj zieloną herbatę z flawonoidami!Porcja² zielonej herbaty Lipton Malina & Granat zawiera 75 mg flawonoidów. Flawonoidy, to naturalne związki które występują w herbacie, owocach i warzywach. Ciesz się orzeźwiającym smakiem 2 kubków zielonej herbaty Lipton dziennie.²200 ml"}, {"header": "Składniki i alergeny", "content": "Składniki:herbata zielona¹,naturalny aromat,¹Certyfikowane Rainforest AllianceInne informacje o zawartości produktu:Smaki / Aromaty:Zawiera"}, {"header": "Wartość odżywcza", "content": "W 100 mlWartość energetyczna4 kcalTłuszcz0.5 gw tym kwasy tłuszczowe nasycone0.1 gWęglowodany0.5 gw tym cukry0.5 gBiałko0.5 gSól0.01 g"}, {"header": "Pozostałe informacje", "content": "Nazwa wymagana prawnie:Herbata zielona aromatyzowana."}], "images": ["data/images/dfc9acae80447c98628f7dbb8e95915e.jpg"], "absolute_path": "Artykuły spożywcze/Herbaty/Herbata zielona/Produkt 6"}
{"name": "Produkt 1", "url": "https://zakupy.biedronka.pl/lipton-lipton-herbata-czarna-aromatyzowana-brzoskwinia-i-mango-20-torebek-35-g-0000001285.html", "title": "Lipton Herbata czarna aromatyzowana brzoskwinia i mango 20 torebek 35 g", "brand": "Lipton", "price": "9.99 PLN", "packaging_details": "20szt.- 0,50 zł / szt", "description_sections": [{"header": "Opis produktu", "content": "Ciesz się smakiem brzoskwini i mango i zachwyć swoje zmysły orzeźwiającym smakiem owoców i listków czarnej herbaty. Porywające doznanie smaku."}, {"header": "Składniki i alergeny", "content": "Składniki:herbata czarna aromaty brzoskwinia (1,3%) mango (1,3%) morela cukierInne informacje o zawartości produktu:Zawiera surowce GMO:Nie"}, {"header": "Wartość odżywcza", "content": "W 100 mlWartość energetyczna kcal4 kcalZawartość tłuszczów (ogólnie)0 gKwasy tłuszczowe nasycone0 gZawartość węglowodanów0.5 gCukry0.5 gZawartość białek0.5 gZawartość soli0 g"}, {"header": "Pozostałe informacje", "content": "Kraj pochodzenia:PolskaKraj pochodzenia zależy od konkretnej partii produktu jaka znajduje się w sklepie. Informację o kraju pochodzenia znajdziesz na opakowaniu. Możesz również dodać komentarz z preferowanym typem produktu w koszyku lub wiadomości dla shoppera (np. “prosze o pomidory polskie”).Dystrybutor:LIPTON TEAS AND INFUSIONS POLAND Sp. z o.o.Józefa Piusa Dziekońskiego 3 00-728 Warszawarecepcja.waw@ekaterratea.comNazwa wymagana prawnie:Herbata czarna aromatyzowana o smaku brzoskwini i mango."}], "images": ["data/images/50db6b329e89cbed24c36d8cf5e9ad4a.jpg"], "absolute_path": "Artykuły spożywcze/Herbaty/Herbata owocowa/Produkt 1"}
{"name": "Produkt 9", "url": "https://zakupy.biedronka.pl/big-active-big-active-herbata-zielona-pure-green-100-g-0000004240.html", "title": "Big-Active Herbata zielona Pure Green 100 g", "brand": "Big-Active", "price": "5.99 PLN", "packaging_details": "0.1kg- 59,90 zł / kg", "description_sections": [{"header": "Opis produktu", "content": "Gun powder, herbata zielona, liściasta. Pure green: nazwa tej wyjątkowej klasycznej herbaty została nadana przez johna company, który skojarzył duże liście herbaty zwinięte ciasno w kulki z prochem strzelniczym. Swą jakość gun powder zawdziecza tradycyjnej formie uprawy. Zerwane liście więdną i wilgotnieją, dzięki czemu łatwo poddają się zwijaniu oraz suszeniu."}, {"header": "Składniki i alergeny", "content": "Składniki:herbata zielona.Inne informacje o zawartości produktu:Zawiera surowce GMO:Nie"}, {"header": "Wartość odżywcza", "content": "W 100 gWartość energetyczna kcal0 kcalZawartość tłuszczów (ogólnie)0 gKwasy tłuszczowe nasycone0 gZawartość węglowodanów0 gCukry0 gZawartość białek0 gZawartość soli0 g"}, {"header": "Pozostałe informacje", "content": "Kraj pochodzenia:PolskaKraj pochodzenia zależy od konkretnej partii produktu jaka znajduje się w sklepie. Informację o kraju pochodzenia znajdziesz na opakowaniu. Możesz również dodać komentarz z preferowanym typem produktu w koszyku lub wiadomości dla shoppera (np. “prosze o pomidory polskie”).Producent:Big-Active Sp. z o.o.\nul. Bobrowiecka 6\n00-728 WarszawaDystrybutor:Herbapol Lublin S.A.Diamentowa 25 81-748 Lublinlublin@herbapol.com.plNazwa wymagana prawnie:Big-Active herbata zielona liściasta Pure Green 100g"}], "images": ["data/images/d7609ded41b4b4e4211e9241936b6e0d.jpg"], "absolute_path": "Artykuły spożywcze/Herbaty/Herbata zielona/Produkt 9"}
{"name": "Produkt 2", "url": "https://zakupy.biedronka.pl/herbapol-herbapol-herbaciany-ogrod-herbatka-owocowa-malina-20-torebek-54-g-0000017388.html", "title": "Herbapol Herbaciany Ogród Herbatka owocowa malina 20 torebek 54 g", "brand": "Herbapol", "price": "5.99 PLN", "packaging_details": "20szt.- 0,30 zł / szt", "description_sections": [{"header": "Opis produktu", "content": "Herbaciany ogród to herbatki z dokładnie wyselekcjonowanych owoców. Starannie zebrane owoce, pochodzące z najczystszych wschodnich rejonów polski, poddawane są dokładnej kontroli, a następnie ręcznie pakowane tak, aby chronić całe dobrodziejstwo natury. Herbatki nadają się do pisia zarówno na gorąco jak i na zimno."}, {"header": "Składniki i alergeny", "content": "Składniki:owoc maliny (60%), kwiat hibiskusa, owoc dzikiej róży, aromat naturalny."}, {"header": "Pozostałe informacje", "content": "Kraj pochodzenia:PolskaKraj pochodzenia zależy od konkretnej partii produktu jaka znajduje się w sklepie. Informację o kraju pochodzenia znajdziesz na opakowaniu. Możesz również dodać komentarz z preferowanym typem produktu w koszyku lub wiadomości dla shoppera (np. “prosze o pomidory polskie”).Nazwa wymagana prawnie:Herbaciany Ogród herbatka owocowo-ziołowa o smaku malinowym 20tb/54g"}], "images": ["data/images/04acf0132a63c383fdbbb1bba5299de8.jpg"], "absolute_path": "Artykuły spożywcze/Herbaty/Herbata owocowa/Produkt 2"}
{"name": "Produkt 1", "url": "https://zakupy.biedronka.pl/adalberts-tea-adalberts-tea-earl-grey-herbata-czarna-lisciasta-100-g-0000007241.html", "title": "Adalbert's Tea Earl Grey Herbata czarna liściasta 100 g", "brand": "Adalbert's Tea", "price": "17.99 PLN", "packaging_details": "0.1kg- 179,90 zł / kg", "description_sections": [{"header": "Składniki i alergeny", "content": "Składniki:czarna herbata cejlońska OP1 (98 %),aromat bergamotki (2 %)"}, {"header": "Wartość odżywcza", "content": "W 100 gWartość energetyczna0 kcalTłuszcz0 gWęglowodany0 gBiałko0 g"}, {"header": "Przechowywanie i sposób przygotowania", "content": "Sposób podania:Sposób przygotowania: do filiżanki wsypać 1 łyżeczkę herbaty i zalać świeżym wrzątkiem (100°C). Parzyć 3-5 minut."}, {"header": "Pozostałe informacje", "content": "Dystrybutor:Adalbert's Sp. z o.o.ul. Szyszkowa 35/37 02-285 Warszawabiuro@adalberts.plNazwa wymagana prawnie:Herbata czarna earl grey - liściasta."}], "images": ["data/images/ce8158e8ef8014210b3749e41a0928d0.jpg", "data/images/6ce641c6cdbb61dcf9e0a57a3876bdb6.jpg"], "absolute_path": "Artykuły spożywcze/Herbaty/Earl Grey/Produkt 1"}
{"name": "Produkt 5", "url": "https://zakupy.biedronka.pl/herbapol-herbapol-herbaciany-ogrod-herbatka-owocowa-prosto-z-lasu-20-torebek-50-g-0000017453.html", "title": "Herbapol Herbaciany Ogród Herbatka owocowa prosto z lasu 20 torebek 50 g", "brand": "Herbapol", "price": "5.99 PLN", "packaging_details": "20szt.- 0,30 zł / szt", "description_sections": [{"header": "Opis produktu", "content": "Herbaciany ogród to herbatki z dokładnie wyselekcjonowanych owoców. Starannie zebrane owoce, pochodzące z najczystszych wschodnich rejonów polski, poddawane są dokładnej kontroli, a następnie ręcznie pakowane tak, aby chronić całe dobrodziejstwo natury. Herbatki nadają się do pisia zarówno na gorąco jak i na zimno."}, {"header": "Składniki i alergeny", "content": "Składniki:kwiat hibiskusa, owoc dzikiej róży (24%), owoc aronii (20%), owoc głogu (13%), liść jeżyny, owoc maliny (3%), owoc bzu czarnego (3%), owoc jeżyny (12%), naturalny aromat jagody (1%).Inne informacje o zawartości produktu:Zawiera surowce GMO:Nie"}, {"header": "Wartość odżywcza", "content": "W 100 gWartość energetyczna kcal1 kcalZawartość tłuszczów (ogólnie)0 gKwasy tłuszczowe nasycone0 gZawartość węglowodanów0 gCukry0 gZawartość białek0 gZawartość soli0 g"}, {"header": "Pozostałe informacje", "content": "Kraj pochodzenia:PolskaKraj pochodzenia zależy od konkretnej partii produktu jaka znajduje się w sklepie. Informację o kraju pochodzenia znajdziesz na opakowaniu. Możesz również dodać komentarz z preferowanym typem produktu w koszyku lub wiadomości dla shoppera (np. “prosze o pomidory polskie”).Dystrybutor:Herbapol Lublin S.A.Diamentowa 25 81-748 Lublinlublin@herbapol.com.plNazwa wymagana prawnie:Herbaciany Ogród herbatka owocowo-ziołowa o smaku owoców leśnych 20tb/50g"}], "images": ["data/images/8ac67c04e06c78342f036e4ed8b0c136.jpg"], "absolute_path": "Artykuły spożywcze/Herbaty/Herbata owocowa/Produkt 5"}
{"name": "Produkt 4", "url": "https://zakupy.biedronka.pl/herbapol-herbapol-herbaciany-ogrod-herbatka-owocowa-imbir-z-pomarancza-i-pigwa-20-torebek-50-g-0000011482.html", "title": "Herbapol Herbaciany Ogród Herbatka owocowa imbir z pomarańczą i pigwą 20 torebek 50 g", "brand": "Herbapol", "price": "5.99 PLN", "packaging_details": "20szt.- 0,30 zł / szt", "description_sections": [{"header": "Opis produktu", "content": "Imbir z  pomarańczą i pigwą to herbatka, której mocno owocowy smak pochodzi wyłącznie z naturalnych składników. Przez przezroczystą saszetkę możesz zobaczyć duże kawałki owoców, dzięki którym napój jest wyjątkowo smaczny i aromatyczny. Sięgając po Herbaciany Ogród wybierasz to, co najlepsze z natury. To, co najlepsze z natury w przezroczystej saszetce."}, {"header": "Składniki i alergeny", "content": "Składniki:kwiat hibiskusa (29%), skórka pomarańczy (22%), owoc pigwy (10%), jabłko (9,4%), owoc głogu (10%), kłącze imbiru (7%),naturalny aromat cytrusowy, liść jeżyny (5,5%), aromat naturalnyInne informacje o zawartości produktu:Zawiera surowce GMO:Nie"}, {"header": "Wartość odżywcza", "content": "W 100 gWartość energetyczna kcal1 kcalZawartość tłuszczów (ogólnie)0 gKwasy tłuszczowe nasycone0 gZawartość węglowodanów0 gCukry0 gZawartość białek0 gZawartość soli0 g"}, {"header": "Pozostałe informacje", "content": "Kraj pochodzenia:PolskaKraj pochodzenia zależy od konkretnej partii produktu jaka znajduje się w sklepie. Informację o kraju pochodzenia znajdziesz na opakowaniu. Możesz również dodać komentarz z preferowanym typem produktu w koszyku lub wiadomości dla shoppera (np. “prosze o pomidory polskie”).Producent:„Herbapol-Lublin\" S.A.\nul. Diamentowa 25\n20-471 Lublin,\nPolska\nwww.herbapol.com.plDystrybutor:Herbapol Lublin S.A.Diamentowa 25 81-748 Lublinlublin@herbapol.com.plNazwa wymagana prawnie:Herbaciany Ogród herbatka owocowo-ziołowa o smaku cytrysowym 20tb/50g"}], "images": ["data/images/6f9c06086e2a526efde7328f010a413a.jpg"], "absolute_path": "Artykuły spożywcze/Herbaty/Herbata owocowa/Produkt 4"}
{"name": "Produkt 8", "url": "https://zakupy.biedronka.pl/teekanne-teekanne-aromatyzowana-herbatka-owocowa-slodka-brzoskwinia-20-x-225-g-45-g-0000005700.html", "title": "Teekanne Aromatyzowana herbatka owocowa słodka brzoskwinia (20 x 2,25 g) 45 g", "brand": "Teekanne", "price": "5.49 PLN", "packaging_details": "20szt.- 0,27 zł / szt", "description_sections": [{"header": "Opis produktu", "content": "Słodka Brzoskwinia - wyśmienita mieszanka herbatek owocowych o smaku dojrzałych w słońcu brzoskwiń. Teekanne Świat Owoców „Słodka Brzoskwinia\" swoim słodkim i owocowym smakiem dojrzewających w słońcu brzoskwiń, przypomina rozkoszne, letnie dni. Na gorąco lub na zimno - ta herbatka jest idealnym napojem gaszącym pragnienie dla całej rodziny.Subrand:Świat Owoców"}, {"header": "Składniki i alergeny", "content": "Składniki:owoc dzikiej róży,jabłko,hibiskus,aromat brzoskwiniowy (7 %),regulator kwasowości: kwas cytrynowy,liście stewii,granulat owocu brzoskwini (1 %)"}, {"header": "Pozostałe informacje", "content": "Producent:TEEKANNE POLSKA SPÓŁKA Z O.O.Dystrybutor:TEEKANNE Polska Sp. z o.o.Kokotów 810 PL-32- 002 KokotówImporter:Teekanne Polska Sp. z o.o.Kokotów 810 32-002 Kokotów PLNazwa wymagana prawnie:Aromatyzowana mieszanka herbatek owocowych o smaku brzoskwiniowym."}], "images": ["data/images/54e9d65bdf9251377d985d0d4829286f.jpg"], "absolute_path": "Artykuły spożywcze/Herbaty/Herbata owocowa/Produkt 8"}
{"name": "Produkt 6", "url": "https://zakupy.biedronka.pl/herbapol-herbapol-herbaciany-ogrod-herbatka-owocowa-zimowy-sekret-20-torebek-60-g-0000011507.html", "title": "Herbapol Herbaciany Ogród Herbatka owocowa zimowy sekret 20 torebek 60 g", "brand": "Herbapol", "price": "5.99 PLN", "packaging_details": "20szt.- 0,30 zł / szt", "description_sections": [{"header": "Opis produktu", "content": "Herbaciany Ogród Zimowy Sekret marki Herbapol to kompozycja idealnie dobranych owoców i korzennych przypraw z delikatną pomarańczową nutą, doskonała propozycja na długie chłodne zimowe wieczory."}, {"header": "Składniki i alergeny", "content": "Składniki:Kwiat hibiskusa (25%), jabłko (18%), owoc gruszki, owoc dzikiej róży (9%), owoc aronii, kora cynamonu(6%), skórka pomarańczy(5%), liść jeżyny (4%), owoc maliny (3%) kłącze imbiru, goździki (3%) naturalny aromat cytrusowy. Produkt zawiera wyłącznie naturalne składniki.Inne informacje o zawartości produktu:Zawiera surowce GMO:Nie, \n\nOsłonka niejadalna:Nie, \n\nInformacje szczegółowe dotyczące środków słodzących:Nie, \n\nZawiera lukrecję:Nie, \n\nZawiera chininę:Nie, \n\nZawiera taurynę:Nie, \n\nZawiera przeciwutleniacze:Nie, \n\nZawiera wzmacniacze smaku:Nie, \n\nZawiera fosforany:Nie, \n\nZawiera barwniki:Nie, \n\nZawiera substancje konserwujące:Nie, \n\nZawiera kofeinę:Nie, \n\nŚrodki spozywcze z dodatkiem fitosteroli, estrów fitosteroli, fitostanoli lub estrów fitostanoli:Nie"}, {"header": "Wartość odżywcza", "content": "W 100 gWartość energetyczna kcal0 kcalZawartość tłuszczów (ogólnie)0 gKwasy tłuszczowe nasycone0 gZawartość węglowodanów0 gCukry0 gZawartość białek0 gZawartość soli0 g"}, {"header": "Pozostałe informacje", "content": "Kraj pochodzenia:PolskaKraj pochodzenia zależy od konkretnej partii produktu jaka znajduje się w sklepie. Informację o kraju pochodzenia znajdziesz na opakowaniu. Możesz również dodać komentarz z preferowanym typem produktu w koszyku lub wiadomości dla shoppera (np. “prosze o pomidory polskie”).Producent:„Herbapol-Lublin\" S.A.\nul. Diamentowa 25\n20-471 Lublin,\nPolska\nwww.herbapol.com.plDystrybutor:Herbapol Lublin S.A.Diamentowa 25 81-748 Lublinlublin@herbapol.com.plNazwa wymagana prawnie:Herbaciany Ogród herbatka owocowo-ziołowa o smaku cytrusowym 20tb/60g"}], "images": ["data/images/392559ed409cec528f91345697f451bb.jpg"], "absolute_path": "Artykuły spożywcze/Herbaty/Herbata owocowa/Produkt 6"}
{"name": "Produkt 10", "url": "https://zakupy.biedronka.pl/herbapol-herbapol-herbaciany-ogrod-herbatka-owocowa-malina-z-zurawina-20-torebek-54-g-0000017454.html", "title": "Herbapol Herbaciany Ogród Herbatka owocowa malina z żurawiną 20 torebek 54 g", "brand": "Herbapol", "price": "5.99 PLN", "packaging_details": "20szt.- 0,30 zł / szt", "description_sections": [{"header": "Opis produktu", "content": "Herbaciany ogród to herbatki z dokładnie wyselekcjonowanych owoców. Starannie zebrane owoce, pochodzące z najczystszych wschodnich rejonów polski, poddawane są dokładnej kontroli, a następnie ręcznie pakowane tak, aby chronić całe dobrodziejstwo natury. Herbatki nadają się do pisia zarówno na gorąco jak i na zimno."}, {"header": "Składniki i alergeny", "content": "Składniki:owoc maliny (44%), kwiat hibiskusa, owoc żurawiny (10%), owoc dzikiej róży, aromaty naturalne.Inne informacje o zawartości produktu:Zawiera surowce GMO:Nie"}, {"header": "Wartość odżywcza", "content": "W 100 gWartość energetyczna kcal1 kcalZawartość tłuszczów (ogólnie)0 gKwasy tłuszczowe nasycone0 gZawartość węglowodanów0 gCukry0 gZawartość białek0 gZawartość soli0 g"}, {"header": "Pozostałe informacje", "content": "Kraj pochodzenia:PolskaKraj pochodzenia zależy od konkretnej partii produktu jaka znajduje się w sklepie. Informację o kraju pochodzenia znajdziesz na opakowaniu. Możesz również dodać komentarz z preferowanym typem produktu w koszyku lub wiadomości dla shoppera (np. “prosze o pomidory polskie”).Dystrybutor:Herbapol Lublin S.A.Diamentowa 25 81-748 Lublinlublin@herbapol.com.plNazwa wymagana prawnie:Herbaciany Ogród herbatka owocowo-ziołowa o smaku malinowym z żurawiną 20tb/54g"}], "images": ["data/images/76f98ecce239cbe80744f8c452eef5cd.jpg"], "absolute_path": "Artykuły spożywcze/Herbaty/Herbata owocowa/Produkt 10"}
{"name": "Produkt 2", "url": "https://zakupy.biedronka.pl/nescaf%C3%A9-nescaf%C3%A9-classic-kawa-rozpuszczalna-200-g-0000000006.html", "title": "Nescafé Classic Kawa rozpuszczalna 200 g", "brand": "Nescafé", "price": "36.99 PLN", "packaging_details": "0.2kg- 184,95 zł / kg", "description_sections": [{"header": "Opis produktu", "content": "Zacznij dzień z Nescafé Classic, najpopularniejszą kawą rozpuszczalną w Polsce i na świecie. Dostępną na rynku od ponad 80 lat w ponad 180 krajach!To kawa stworzona dla prawdziwych wielbicieli prawdziwie kawowego smaku, którzy nie wyobrażają sobie dnia bez kubka aromatycznej kawy. Tę wyjątkową kompozycję tworzą średnio palone ziarna Robusty pochodzące z rejonu Wietnamu oraz Indonezji. Wyróżnia ją niepowtarzalny smak i bogaty aromat. Charakteryzuje się mocną nutą, wyrazistym, kawowym smakiem oraz niską kwasowością. Dzięki zaawansowanej technologii podwójnej filtracji pozostawia to, co najlepsze w kawie - pełniejszy smak pozbawiony goryczy oraz głęboki aromat świeżo zmielonych ziaren. To idealna kawa na dobry początek dnia. Dostępna również w wariancie bez kofeiny.Nescafé Classic to:- Niepowtarzalny, bogaty aromat i pełny smak kawy rozpuszczalnej- Stworzona z średnio palonych ziaren Robusty pochodzących z rejonu Wietnamu oraz Indonezji- Mocna nuta kawowa, wyrazisty smak oraz niska kwasowość- Zaawansowana technologia podwójnej filtracji zapewnia pełniejszy smak i aromat- Stworzona w 100% z ziaren kawy pochodzących ze zrównoważonych upraw- Dostępna w słoikach 200 g, 100 g, 50 g, torbie 75 g oraz saszetkach 2 g"}, {"header": "Składniki i alergeny", "content": "Składniki:kawa rozpuszczalnaInne informacje o zawartości produktu:Zawiera surowce GMO:Nie"}, {"header": "Przechowywanie i sposób przygotowania", "content": "Sposób przygotowania:Wsyp do kubka łyżeczkę kawy i zalej gorącą, ale nie wrzącą wodą."}, {"header": "Pozostałe informacje", "content": "Kraj pochodzenia:HiszpaniaKraj pochodzenia zależy od konkretnej partii produktu jaka znajduje się w sklepie. Informację o kraju pochodzenia znajdziesz na opakowaniu. Możesz również dodać komentarz z preferowanym typem produktu w koszyku lub wiadomości dla shoppera (np. “prosze o pomidory polskie”).Producent:Nestlé Polska S.A.,\nul. Domaniewska 32,\n02-672 Warszawa\n\nPorozmawiajmy\n800 174 902Dystrybutor:Nestle Polska S.ADomaniewska 32 02-672 Warszawacs@pl.nestle.comNazwa wymagana prawnie:Kawa rozpuszczalna = 100% naturalnej kawy"}], "images": ["data/images/845d3f8cd7f33dc94a7b22802dad6448.jpg"], "absolute_path": "Artykuły spożywcze/Kawy/Kawa rozpuszczalna/Produkt 2"}
{"name": "Produkt 1", "url": "https://zakupy.biedronka.pl/nescaf%C3%A9-nescaf%C3%A9-crema-kawa-rozpuszczalna-200-g-0000002173.html", "title": "Nescafé Crema Kawa rozpuszczalna 200 g", "brand": "Nescafé", "price": "39.99 PLN", "packaging_details": "0.2kg- 199,95 zł / kg", "description_sections": [{"header": "Opis produktu", "content": "NESCAFÉ CREMA jest najpopularniejszą kawą w segmencie łagodnych kaw z pianką. To 100% naturalnej kawy rozpuszczalnej w postaci delikatnego pudru powstałego z wyselekcjonowanych, średnio palonych ziaren Robusty pochodzących z rejonów Wietnamu oraz Indonezji. Wyróżnia ją wyjątkowy smak kawy bez cienia goryczy oraz delikatna, aksamitna crema - kawowa pianka. Jej delikatny smak i wyjątkowy aromat tworzą idealne warunki do prawdziwych, długich rozmów z bliskimi.NESCAFÉ CREMA to:- łagodny smak oraz aksamitna, kremowa pianka- 100% naturalnej kawy rozpuszczalnej w postaci lekkiego pudru- powstała ze średnio palonych ziaren Robusty pochodzących z okolic Wietnamu oraz Indonezji- odpowiedzialnie uprawiane ziarna kawy przy użyciu praktyk zrównoważonego rolnictwa- Stworzona w 100% z ziaren kawy pochodzących ze zrównoważonych upraw- Dostępna w słoikach 200 g, 100 g oraz torbie 75 g"}, {"header": "Składniki i alergeny", "content": "Składniki:kawa rozpuszczalnaInne informacje o zawartości produktu:Zawiera surowce GMO:Nie"}, {"header": "Przechowywanie i sposób przygotowania", "content": "Sposób przygotowania:Wsyp do kubka łyżeczkę kawy i zalej gorącą, ale nie wrzącą wodą."}, {"header": "Pozostałe informacje", "content": "Kraj pochodzenia:HiszpaniaKraj pochodzenia zależy od konkretnej partii produktu jaka znajduje się w sklepie. Informację o kraju pochodzenia znajdziesz na opakowaniu. Możesz również dodać komentarz z preferowanym typem produktu w koszyku lub wiadomości dla shoppera (np. “prosze o pomidory polskie”).Producent:Nestlé Polska S.A.,\nul. Domaniewska 32,\n02-672 Warszawa\n\nPorozmawiajmy\n800 174 902Dystrybutor:Nestle Polska S.ADomaniewska 32 02-672 Warszawacs@pl.nestle.comNazwa wymagana prawnie:Kawa rozpuszczalna = 100% naturalnej kawy."}], "images": ["data/images/bf1bf9665272dc0d9c41118e5cf685b0.jpg", "data/images/ce3b508d947e2583b5e4d69cfbf2e3c1.jpg"], "absolute_path": "Artykuły spożywcze/Kawy/Kawa rozpuszczalna/Produkt 1"}
{"name": "Produkt 9", "url": "https://zakupy.biedronka.pl/lipton-lipton--herbata-czarna-aromatyzowana-forest-fruit-piramidki-20-torebek-34-g-0000001284.html", "title": "Lipton  Herbata czarna aromatyzowana Forest Fruit piramidki 20 torebek 34 g", "brand": "Lipton", "price": "9.99 PLN", "packaging_details": "20szt.- 0,50 zł / szt", "description_sections": [{"header": "Opis produktu", "content": "Herbata czarna aromatyzowana, ekspresowa."}, {"header": "Składniki i alergeny", "content": "Składniki:Składniki herbata czarna aromat truskawka (0,9%) malina (0,6%) czerwona porzeczka (0,6%) jeżyna (0,3%) wiśnia (0,3%)Inne informacje o zawartości produktu:Zawiera surowce GMO:Nie"}, {"header": "Wartość odżywcza", "content": "W 100 mlWartość energetyczna kcal4 kcalZawartość tłuszczów (ogólnie)0 gKwasy tłuszczowe nasycone0 gZawartość węglowodanów0.5 gCukry0.5 gZawartość białek0.5 gZawartość soli0 g"}, {"header": "Pozostałe informacje", "content": "Kraj pochodzenia:PolskaKraj pochodzenia zależy od konkretnej partii produktu jaka znajduje się w sklepie. Informację o kraju pochodzenia znajdziesz na opakowaniu. Możesz również dodać komentarz z preferowanym typem produktu w koszyku lub wiadomości dla shoppera (np. “prosze o pomidory polskie”).Dystrybutor:LIPTON TEAS AND INFUSIONS POLAND Sp. z o.o.Józefa Piusa Dziekońskiego 3 00-728 Warszawarecepcja.waw@ekaterratea.comNazwa wymagana prawnie:Lipton Owoce Leśne Herbata czarna 34 g (20 torebek)"}], "images": ["data/images/cb3d6da6f48517b1a8db20dbc08fdb8d.jpg"], "absolute_path": "Artykuły spożywcze/Herbaty/Herbata owocowa/Produkt 9"}
{"name": "Produkt 5", "url": "https://zakupy.biedronka.pl/mk-caf%C3%A9-mk-caf%C3%A9-premium-gold-kawa-rozpuszczalna-175-g-0000005729.html", "title": "MK Café Premium Gold Kawa rozpuszczalna 175 g", "brand": "MK Café", "price": "34.99 PLN", "packaging_details": "0.175kg- 199,94 zł / kg", "description_sections": [{"header": "Opis produktu", "content": "Delikatny samk i głęboki aromat.Subrand:Premium Gold"}, {"header": "Przechowywanie i sposób przygotowania", "content": "Sposób podania:Do filiżanki wsyp łyżeczkę MK Cafe Premium Gold,Zalej gorącą, ale nie wrzącą wodą."}, {"header": "Pozostałe informacje", "content": "Kraj pochodzenia:Produkt UEKraj pochodzenia zależy od konkretnej partii produktu jaka znajduje się w sklepie. Informację o kraju pochodzenia znajdziesz na opakowaniu. Możesz również dodać komentarz z preferowanym typem produktu w koszyku lub wiadomości dla shoppera (np. “prosze o pomidory polskie”).Nazwa wymagana prawnie:Kawa rozpuszczalna liofilizowana."}], "images": ["data/images/54b1c30df959536949fc8fb2c77ccb1e.jpg"], "absolute_path": "Artykuły spożywcze/Kawy/Kawa rozpuszczalna/Produkt 5"}
{"name": "Produkt 2", "url": "https://zakupy.biedronka.pl/woseba-woseba-mocca-fix-gold-kawa-palona-mielona-500-g-0000008090.html", "title": "Woseba Mocca Fix Gold Kawa palona mielona 500 g", "brand": "Woseba", "price": "34.49 PLN", "packaging_details": "0.5kg- 68,98 zł / kg", "description_sections": [{"header": "Opis produktu", "content": "Kawa Mocca Fix Gold to mieszanka ziaren pochodzących z Afryki, Azji i Ameryki Południowej. Jej niepowtarzalny aromat i harmonijny smak są wynikiem długiego procesu prażenia."}, {"header": "Przechowywanie i sposób przygotowania", "content": "Sposób podania:Przeznaczona do parzenia w ekspresie oraz metodą tradycyjną."}, {"header": "Pozostałe informacje", "content": "Producent:P.P.U.H. WOSEBA Sp. z o.o.\nul. Krotoszyńska 150\n63-430 Odolanów\nPolskaDystrybutor:P.P.U.H. WOSEBA Sp. z o.o.ul. Krotoszyńska 150 63-430  OdolanówNazwa wymagana prawnie:Kawa palona mielona."}], "images": ["data/images/96e6da1e89fd1f22bb982e26509700a8.jpg"], "absolute_path": "Artykuły spożywcze/Kawy/Kawa mielona/Produkt 2"}
{"name": "Produkt 1", "url": "https://zakupy.biedronka.pl/prima-prima-finezja-kawa-mielona-500-g-0000000154.html", "title": "Prima Finezja Kawa mielona 500 g", "brand": "Prima", "price": "31.99 PLN", "packaging_details": "0.5kg- 63,98 zł / kg", "description_sections": [{"header": "Opis produktu", "content": "Kawa mielona Finezja Cafe Prima to kompozycja świeżo palonych aromatycznych ziaren, kawa o łagodnym subtelnym smaku i średniej mocy, pozbawiona goryczy. Kawa o wysokich walorach smakowych i bogatej historii gości w domach Polaków już od 25 lat. Swoje walory zawdzięcza wysokiej jakości składnikom i tradycyjnemu procesowi prażenia ziaren. Doskonała do parzenia po turecku, w kawiarkach i ekspresach przelewowych. Kawa Prima najlepiej smakuje w połączeniu z mlekiem. Powody, dla których warto wybrać kawę marki Prima:Niezmienny, niepowtarzalny smak i aromatWysokiej jakości składnikiKorzystna relacja jakości do cenySubrand:Finezja"}, {"header": "Pozostałe informacje", "content": "Producent:JACOBS DOUWE EGBERTS\nOosterdoksstraat 80\n1011 DK Amsterdam\nHolandiaDystrybutor:JACOBS DOUWE EGBERTSOosterdoksstraat 80 1011 D K AmsterdamNazwa wymagana prawnie:Kawa mielona"}], "images": ["data/images/94631a4e63139e6e0896e09a8799b796.jpg"], "absolute_path": "Artykuły spożywcze/Kawy/Kawa mielona/Produkt 1"}
{"name": "Produkt 3", "url": "https://zakupy.biedronka.pl/jacobs-jacobs-cronat-gold-kawa-rozpuszczalna-200-g-0000003229.html", "title": "Jacobs Cronat Gold Kawa rozpuszczalna 200 g", "brand": "Jacobs", "price": "39.99 PLN", "packaging_details": "0.2kg- 199,95 zł / kg", "description_sections": [{"header": "Opis produktu", "content": "Kawa rozpuszczalna Jacobs Cronat Gold dzięki starannie wyselekcjonowanym gatunkom ziaren kawy użytych w procesie produkcji uwodzi głębokim, harmonijnym smakiem. Dzięki temu jest w stanie zadowolić gusta nawet bardzo wymagających konsumentów. Jej wybór to smakowity sposób na lepszy poranek."}, {"header": "Składniki i alergeny", "content": "Składniki:kawa"}, {"header": "Pozostałe informacje", "content": "Kraj pochodzenia:NiemcyKraj pochodzenia zależy od konkretnej partii produktu jaka znajduje się w sklepie. Informację o kraju pochodzenia znajdziesz na opakowaniu. Możesz również dodać komentarz z preferowanym typem produktu w koszyku lub wiadomości dla shoppera (np. “prosze o pomidory polskie”).Dystrybutor:Jeronimo Martins Polska S.A.Żniwna 5 62-025 Kostrzyn PLImporter:Jeronimo Martins Polska S.A.Żniwna 5 62-025 Kostrzyn PLNazwa wymagana prawnie:Jacobs Cronat Gold Kawa rozpuszczalna liofilizowana 200 g"}], "images": ["data/images/821e413cd56222f0528a24e8951f8d7b.jpg", "data/images/299d60ca2eac9452da1a60e779a556be.jpg"], "absolute_path": "Artykuły spożywcze/Kawy/Kawa rozpuszczalna/Produkt 3"}
{"name": "Produkt 4", "url": "https://zakupy.biedronka.pl/jacobs-jacobs-kronung-kawa-rozpuszczalna-200-g-0000004507.html", "title": "Jacobs Kronung Kawa rozpuszczalna 200 g", "brand": "Jacobs", "price": "41.99 PLN", "packaging_details": "0.2kg- 209,95 zł / kg", "description_sections": [{"header": "Opis produktu", "content": "Jacobs Kronung to najpopularniejsza z kaw Jacobs. Wszystko za sprawą wyjątkowych ziaren, zebranych na najlepszych, światowych plantacjach kawy. Starannie zebrane i wyselekcjonowane ziarna gwarantują nie tylko doskonałe wrażenia smakowe, ale też właściwości pobudzające."}, {"header": "Składniki i alergeny", "content": "Składniki:kawa"}, {"header": "Pozostałe informacje", "content": "Kraj pochodzenia:NiemcyKraj pochodzenia zależy od konkretnej partii produktu jaka znajduje się w sklepie. Informację o kraju pochodzenia znajdziesz na opakowaniu. Możesz również dodać komentarz z preferowanym typem produktu w koszyku lub wiadomości dla shoppera (np. “prosze o pomidory polskie”).Nazwa wymagana prawnie:Jacobs Kronung Kawa rozpuszczalna liofilizowana 200 g"}], "images": ["data/images/1f848b92f191832c471f0c4681463e07.jpg"], "absolute_path": "Artykuły spożywcze/Kawy/Kawa rozpuszczalna/Produkt 4"}
{"name": "Produkt 6", "url": "https://zakupy.biedronka.pl/jacobs-jacobs-kr%C3%B6nung-kawa-mielona--250-g-0000794272.html", "title": "Jacobs Krönung Kawa mielona  250 g", "brand": "Jacobs", "price": "25.99 PLN", "packaging_details": "0.25kg- 103,96 zł / kg", "description_sections": [{"header": "Opis produktu", "content": "Bogaty aromat kawy Jacobs, stworzony przez Johanna Jacobsa w Bremie w Niemczech, z każdą filiżanką inspiruje do zauważania wspaniałych rzeczy wokół nas.Subrand:Krönung"}, {"header": "Pozostałe informacje", "content": "Producent:JACOBS DOUWE EGBERTS\nOosterdoksstraat 80\n1011 DK Amsterdam\nHolandia\n\nInfolinia: 801 800 312\nOpłata według taryfy operatora.Dystrybutor:Jeronimo Martins Polska S.A.Żniwna 5 62-025 Kostrzyn PLImporter:Jeronimo Martins Polska S.A.Żniwna 5 62-025 Kostrzyn PLNazwa wymagana prawnie:Jacobs Krönung Kawa mielona  250 g"}], "images": ["data/images/5e61fe41bc58c00a603a8d0acf44e3de.jpg"], "absolute_path": "Artykuły spożywcze/Kawy/Kawa mielona/Produkt 6"}
{"name": "Produkt 3", "url": "https://zakupy.biedronka.pl/jacobs-jacobs-kronung-kawa-mielona-500-g-0000004332.html", "title": "Jacobs Kronung Kawa mielona 500 g", "brand": "Jacobs", "price": "45.99 PLN", "packaging_details": "0.5kg- 91,98 zł / kg", "description_sections": [{"header": "Opis produktu", "content": "Jacobs Kronung to najpopularniejsza z kaw Jacobs. Tworzą ją najwyższej jakości ziarna kaw pochodzące z najlepszych plantacji na świecie. Wyjątkowy smak kawy ukryty jest w starannym procesie palenia, a następnie mielenia schłodzonych ziaren kawy. To dzięki temu kawę Jacobs Krönung  wyróżnia niezwykle intensywny, magiczny aromat. Hermetyczne opakowanie zapewnia świeżość aromatu i smaku."}, {"header": "Składniki i alergeny", "content": "Składniki:kawaInne informacje o zawartości produktu:Zawiera surowce GMO:Nie"}, {"header": "Pozostałe informacje", "content": "Kraj pochodzenia:NiemcyKraj pochodzenia zależy od konkretnej partii produktu jaka znajduje się w sklepie. Informację o kraju pochodzenia znajdziesz na opakowaniu. Możesz również dodać komentarz z preferowanym typem produktu w koszyku lub wiadomości dla shoppera (np. “prosze o pomidory polskie”).Producent:JACOBS DOUWE EGBERTS\nOosterdoksstraat 80\n1011 DK Amsterdam\nHolandia\n\nInfolinia: 801 800 312\nOpłata według taryfy operatoraDystrybutor:Jacobs Douwe EgbertsTaśmowa 7 02-677 WarszawaNazwa wymagana prawnie:Jacobs Kronung Kawa mielona 500 g"}], "images": ["data/images/3ce17092582b81be6d5b3ede7e0b1a3d.jpg"], "absolute_path": "Artykuły spożywcze/Kawy/Kawa mielona/Produkt 3"}
{"name": "Produkt 7", "url": "https://zakupy.biedronka.pl/mk-cafe-premium-mc-cafe-premium-kawa-mielona-250-g-0000015478.html", "title": "MC Cafe Premium kawa mielona 250 g", "brand": "MK Cafe Premium", "price": "24.99 PLN", "packaging_details": "0.25kg- 99,96 zł / kg", "description_sections": [{"header": "Opis produktu", "content": "Kawa to jeden z napojów o najbogatszym bukiecie, zawiera do 1000 aromatów.  W pełnym i harmonijnym smaku MK Cafe Premium bariści wyczuwają nuty mlecznej czekolady, orzecha i melona. Za naszymi kawami stoi wiedza i doświadczenie najlepszych baristów. Dzięki temu w każdum opakowaniu Mk Cafe odnajdziesz niezapomniany smak i aromat wysokiej jakości kawy."}, {"header": "Składniki i alergeny", "content": "Składniki:kawa mielona"}, {"header": "Pozostałe informacje", "content": "Kraj pochodzenia:PolskaKraj pochodzenia zależy od konkretnej partii produktu jaka znajduje się w sklepie. Informację o kraju pochodzenia znajdziesz na opakowaniu. Możesz również dodać komentarz z preferowanym typem produktu w koszyku lub wiadomości dla shoppera (np. “prosze o pomidory polskie”).Nazwa wymagana prawnie:KAWA MIELONA MK CAFE PREMIUM 250G vac"}], "images": ["data/images/21540e1d85d87149ce6bd678c2a5d01f.jpg"], "absolute_path": "Artykuły spożywcze/Kawy/Kawa mielona/Produkt 7"}
{"name": "Produkt 4", "url": "https://zakupy.biedronka.pl/woseba-woseba-mocca-fix-gold-kawa-palona-mielona-250-g-0000004221.html", "title": "Woseba Mocca Fix Gold Kawa palona mielona 250 g", "brand": "Woseba", "price": "18.99 PLN", "packaging_details": "0.25kg- 75,96 zł / kg", "description_sections": [{"header": "Opis produktu", "content": "Kawa Mocca Fix Gold to mieszanka ziaren pochodzących z Afryki, Azji i Ameryki Południowej. Jej niepowtarzalny aromat i smak to wynik specjalnego procesu prażenia."}, {"header": "Przechowywanie i sposób przygotowania", "content": "Sposób podania:Przeznaczona do parzenia w ekspresie oraz metodą tradycyjną."}, {"header": "Pozostałe informacje", "content": "Dystrybutor:Jeronimo Martins Polska S.A.Żniwna 5 62-025 Kostrzyn PLImporter:Jeronimo Martins Polska S.A.Żniwna 5 62-025 Kostrzyn PLNazwa wymagana prawnie:Kawa palona mielona."}], "images": ["data/images/4ec20a99319c00e4fd9dd452cafd826c.jpg", "data/images/21f8999be17dd3b160aa724a15f0e350.jpg"], "absolute_path": "Artykuły spożywcze/Kawy/Kawa mielona/Produkt 4"}
{"name": "Produkt 5", "url": "https://zakupy.biedronka.pl/dallmayr-dallmayr-kawa-mielona-classic-intense-500-g-0000015702.html", "title": "Dallmayr Kawa mielona classic intense 500 g", "brand": "Dallmayr", "price": "44.99 PLN", "packaging_details": "0.5kg- 89,98 zł / kg", "description_sections": [{"header": "Opis produktu", "content": "Dallmayr Classic Intense to niezwykła mieszanka o intensywnym, aromatycznym i pełnym smaku oraz niskiej kwasowości. Świetnie smakuje solo lub w połączeniu z mlekiem, aby uzyskać łagodniejszy smak. Idealne do śniadania lub podczas przerwy kawowej."}, {"header": "Składniki i alergeny", "content": "Składniki:Arabika/Robusta blendInne informacje o zawartości produktu:Zawiera surowce GMO:Nie"}, {"header": "Pozostałe informacje", "content": "Kraj pochodzenia:NiemcyKraj pochodzenia zależy od konkretnej partii produktu jaka znajduje się w sklepie. Informację o kraju pochodzenia znajdziesz na opakowaniu. Możesz również dodać komentarz z preferowanym typem produktu w koszyku lub wiadomości dla shoppera (np. “prosze o pomidory polskie”).Producent:DallmayrDystrybutor:KOFEA SPÓŁKA Z OGRANICZONĄ ODPOWIEDZIALNOŚCIĄ6 Sierpnia 14/5 90-416 Łódźka@cocochee.euImporter:KOFEAul. Os sowskiego 2/33Nazwa wymagana prawnie:kawa mielona dallmayr classic intense  hvp 500g"}], "images": ["data/images/106860de6203d356ea09999ca8d26410.jpg"], "absolute_path": "Artykuły spożywcze/Kawy/Kawa mielona/Produkt 5"}
{"name": "Produkt 1", "url": "https://zakupy.biedronka.pl/woseba-woseba-mocca-fix-gold-kawa-palona-ziarnista-1-kg-0000004897.html", "title": "Woseba Mocca Fix Gold Kawa palona ziarnista 1 kg", "brand": "Woseba", "price": "67.99 PLN", "packaging_details": "1kg- 67,99 zł / kg", "description_sections": [{"header": "Opis produktu", "content": "Mocca Fix Gold to mieszanka wysokiej jakości kaw pochodzących z Ameryki Południowej, Afryki i Azji. Specjalny proces prażenia ziaren nadał jej charakterystyczny, intensywny aromat i pełny, harmonijny smak."}, {"header": "Przechowywanie i sposób przygotowania", "content": "Sposób podania:Doskonała do parzenia w ekspresach ciśnieniowych, przelewowych, jak i metodą tradycyjną."}, {"header": "Pozostałe informacje", "content": "Kraj pochodzenia:PolskaKraj pochodzenia zależy od konkretnej partii produktu jaka znajduje się w sklepie. Informację o kraju pochodzenia znajdziesz na opakowaniu. Możesz również dodać komentarz z preferowanym typem produktu w koszyku lub wiadomości dla shoppera (np. “prosze o pomidory polskie”).Producent:P.P.U.H. WOSEBA Sp. z o.o.\nul. Krotoszyńska 150\n63-430 Odolanów\nPolska\nwww.woseba.plDystrybutor:P.P.U.H. WOSEBA Sp. z o.o.ul. Krotoszyńska 150 63-430  OdolanówNazwa wymagana prawnie:Woseba Mocca Fix Gold Kawa palona ziarnista 1000 g"}], "images": ["data/images/5430dae0eeada1a80548ccad5798ac0d.jpg"], "absolute_path": "Artykuły spożywcze/Kawy/Kawa ziarnista/Produkt 1"}
{"name": "Produkt 2", "url": "https://zakupy.biedronka.pl/dallmayr-dallmayr-crema-doro-kawa-ziarnista-1-kg-0000006892.html", "title": "Dallmayr Crema d'Oro Kawa ziarnista 1 kg", "brand": "Dallmayr", "price": "89.99 PLN", "packaging_details": "1kg- 89,99 zł / kg", "description_sections": [{"header": "Opis produktu", "content": "Szlachetne ziarna kawy arabica stosowane w Dallmayr Crema d'Oro podlegają starannej selekcji i uważnemu procesowi palenia. Dzięki temu uzyskuje się aksamitną i jasną piankę oraz wyważony, łagodny aromat. Najwyższej jakości walory smakowe w wariantach Caffé Crema, Café Crème lub Schümli."}, {"header": "Składniki i alergeny", "content": "Składniki:Skład: Arabika i Robusta"}, {"header": "Pozostałe informacje", "content": "Kraj pochodzenia:NiemcyKraj pochodzenia zależy od konkretnej partii produktu jaka znajduje się w sklepie. Informację o kraju pochodzenia znajdziesz na opakowaniu. Możesz również dodać komentarz z preferowanym typem produktu w koszyku lub wiadomości dla shoppera (np. “prosze o pomidory polskie”).Dystrybutor:COCOCHEE SP. Z O.O.Pomorska 21 90-202 Łódź PolskaNazwa wymagana prawnie:Kawa ziarnista Dallmayr Crema d'Oro 1000g"}], "images": ["data/images/d0f673cb83270cbd97bbf788ccdfa3a5.jpg", "data/images/27cf63919677472ad55bdced26c41df0.jpg"], "absolute_path": "Artykuły spożywcze/Kawy/Kawa ziarnista/Produkt 2"}
{"name": "Produkt 4", "url": "https://zakupy.biedronka.pl/dallmayr-dallmayr-classic-kawa-ziarnista-500-g-0000014911.html", "title": "Dallmayr Classic Kawa ziarnista 500 g", "brand": "Dallmayr", "price": "45.99 PLN", "packaging_details": "0.5kg- 91,98 zł / kg", "description_sections": [{"header": "Opis produktu", "content": "Proces prażenia z zachowaniem pełnego aromatu nadaje kawie Dallmayr Classic jej intensywny i aromantyczny smak. Perfekcyjnie skomponowana kawa, doskonała na każdą okazję."}, {"header": "Pozostałe informacje", "content": "Kraj pochodzenia:NiemcyKraj pochodzenia zależy od konkretnej partii produktu jaka znajduje się w sklepie. Informację o kraju pochodzenia znajdziesz na opakowaniu. Możesz również dodać komentarz z preferowanym typem produktu w koszyku lub wiadomości dla shoppera (np. “prosze o pomidory polskie”).Dystrybutor:COCOCHEE SP. Z O.O.Pomorska 21 90-202  ŁódźNazwa wymagana prawnie:Kawa ziarnista"}], "images": ["data/images/8fe4f5f6a98ff59bb200ac5dbe204f48.jpg", "data/images/d2b80c049aa7399cc66db98cc91ca3ca.jpg"], "absolute_path": "Artykuły spożywcze/Kawy/Kawa ziarnista/Produkt 4"}
{"name": "Produkt 3", "url": "https://zakupy.biedronka.pl/cafe-dor-cafe-dor-kawa-ziarnista-single-origin-brasil-barista-500-g-0000017383.html", "title": "Cafe d'Or Kawa ziarnista Single Origin Brasil Barista 500 g", "brand": "Cafe d'Or", "price": "39.99 PLN", "packaging_details": "0.5kg- 79,98 zł / kg", "description_sections": [{"header": "Opis produktu", "content": "Kawę Brazylia Mogiana charakteryzuje łagodność oraz balans między kwaskowatością owoców jagód a słodkim posmakiem orzechów, które nadają jej doskonale wyważony smak i delikatny aromat."}, {"header": "Składniki i alergeny", "content": "Składniki:100% ArabicaInne informacje o zawartości produktu:Zawiera surowce GMO:Nie"}, {"header": "Przechowywanie i sposób przygotowania", "content": "Sposób przygotowania:Wsypać 9 g (2 łyżeczki) zmielonej kawy do filiżanki, zalać 150 ml gorącej (90-95 ℃), ale nie wrzącej wody. Zalecany czas parzenia 4 minuty."}, {"header": "Pozostałe informacje", "content": "Kraj pochodzenia:CzechyKraj pochodzenia zależy od konkretnej partii produktu jaka znajduje się w sklepie. Informację o kraju pochodzenia znajdziesz na opakowaniu. Możesz również dodać komentarz z preferowanym typem produktu w koszyku lub wiadomości dla shoppera (np. “prosze o pomidory polskie”).Producent:MOKATE Czech s.r.o.Dystrybutor:Jeronimo Martins Polska S.A.Żniwna 5 62-025 KostrzynImporter:Jeronimo Martins Polska S.A.Żniwna 5 62-025 Kostrzyn PLNazwa wymagana prawnie:Kawa ziarnista, palona, Brazylia Mogiana, 100% arabica, 500 g"}], "images": ["data/images/f01b35d7909db673b16ab29443a746b7.jpg", "data/images/f86f138ce6c104945253a7a1efd74d9c.jpg", "data/images/8be74130699a0a1659fa251adff7650f.jpg"], "absolute_path": "Artykuły spożywcze/Kawy/Kawa ziarnista/Produkt 3"}
{"name": "Produkt 8", "url": "https://zakupy.biedronka.pl/prima-prima-finezja-kawa-mielona-275-g-0000003230.html", "title": "Prima Finezja Kawa mielona 275 g", "brand": "Prima", "price": "16.99 PLN", "packaging_details": "0.25kg- 67,96 zł / kg", "description_sections": [{"header": "Opis produktu", "content": "Kawa mielona Prima Finezja to jedna z najchętniej kupowanych kaw mielonych w Polsce. Swoją popularność zawdzięcza harmonijnemu smakowi i niepowtarzalnemu aromatowi starannie prażonych ziaren. Marka Prima wierzy w bliskość i serdeczne, codzienne relacje. A nic tak nie zbliża jak przyjemny aromat świeżo parzonej kawy i drobne, ciepłe gesty, które sprawiają, że na co dzień jest nam ze sobą dobrze. Prima. Moc drobnych gestów."}, {"header": "Pozostałe informacje", "content": "Nazwa wymagana prawnie:Prima Finezja Kawa mielona 275g"}], "images": ["data/images/ae1353bc2d926c89975beab2754843ff.jpg"], "absolute_path": "Artykuły spożywcze/Kawy/Kawa mielona/Produkt 8"}
{"name": "Produkt 1", "url": "https://zakupy.biedronka.pl/neutrogena-neutrogena-intense-repair-intensywnie-regenerujacy-balsam-do-ciala-z-cica-400-ml-0000013489.html", "title": "Neutrogena Intense Repair Intensywnie regenerujący balsam do ciała z Cica 400 ml", "brand": "Neutrogena", "price": "19.99 PLN", "packaging_details": "0.4l- 49,98 zł / l", "description_sections": [{"header": "Opis produktu", "content": "Neutrogena Formuła Norweska Intensywnie Regenerujący Balsam do Ciała z CicaTen regenerujący, nietłusty balsam do ciała działa jak nawilżający bandaż do ciała 4-w-1, którego działanie potwierdzono naukowo: 1) zapewnia natychmiastową ulgę, 2) naprawia, 3) wzmacnia, 4) chroni przed powracającym wysuszeniem skóry. Teraz nowa formuła została wzbogacona o Cica, wąkrotkę azjatycką - roślinę o silnym działaniu antyoksydacyjnym wykorzystywaną od wieków ze względu na liczne właściwości regenerujące. Balsam szybko wchłania się w skórę, dzięki czemu można od razu się ubrać. Intensywnie nawilża przez 72h. Formuła o wysokiej tolerancji, odpowiednia nawet dla skóry wrażliwej.Subrand:Intense Repair"}, {"header": "Składniki i alergeny", "content": "Składniki:Aqua,Glycerin,Isopropyl Myristate,Cetyl Alcohol,Potassium Cetyl Phosphate,Carbomer,Caprylyl Glycol,Parfum,Sodium Hydroxide,p-Anisic Acid,Ethylhexylglycerin,Butylene Glycol,Centella Asiatica Extract,Tocopherol"}, {"header": "Przechowywanie i sposób przygotowania", "content": "Sposób podania:Sposób użycia: Aby uzyskać najlepsze rezultaty, stosuj rano i wieczorem po kąpieli lub prysznicu na całe ciało."}, {"header": "Pozostałe informacje", "content": "Kraj pochodzenia:WłochyKraj pochodzenia zależy od konkretnej partii produktu jaka znajduje się w sklepie. Informację o kraju pochodzenia znajdziesz na opakowaniu. Możesz również dodać komentarz z preferowanym typem produktu w koszyku lub wiadomości dla shoppera (np. “prosze o pomidory polskie”).Producent:Johnson & Johnson SBF,\n27100 Val de Reuil,\nFranceDystrybutor:Johnson & Johnson SBF27100 Val de Reuil FranceNazwa wymagana prawnie:Neutrogena Intense Repair Intensywnie regenerujący balsam do ciała z Cica 400 ml"}], "images": ["data/images/563c8d1652f7cb677725a49ee712707c.jpg"], "absolute_path": "Drogeria/Pielęgnacja ciała/Balsamy, mleczka i kremy do ciała/Produkt 1"}
{"name": "Produkt 5", "url": "https://zakupy.biedronka.pl/jacobs-jacobs-kronung-kawa-ziarnista-1-kg-0000010213.html", "title": "Jacobs Kronung Kawa ziarnista 1 kg", "brand": "Jacobs", "price": "89.99 PLN", "packaging_details": "1kg- 89,99 zł / kg", "description_sections": [{"header": "Opis produktu", "content": "Miłośnicy klasycznego, szlachetnego smaku i aromatu docenią ziarna Jacobs Krönung. Idealna do użycia w automatycznych ekspresach do kawy, jak również parzona metodami tradycyjnymi. Doskonała do parzenia klasycznych kaw czarnych oraz jako baza do kaw z mlekiem."}, {"header": "Składniki i alergeny", "content": "Składniki:kawa"}, {"header": "Pozostałe informacje", "content": "Kraj pochodzenia:SzwecjaKraj pochodzenia zależy od konkretnej partii produktu jaka znajduje się w sklepie. Informację o kraju pochodzenia znajdziesz na opakowaniu. Możesz również dodać komentarz z preferowanym typem produktu w koszyku lub wiadomości dla shoppera (np. “prosze o pomidory polskie”).Nazwa wymagana prawnie:Jacobs Kronung Kawa ziarnista 1 kg"}], "images": ["data/images/930fb063572e7466118ac0606de4fd25.jpg"], "absolute_path": "Artykuły spożywcze/Kawy/Kawa ziarnista/Produkt 5"}
{"name": "Produkt 6", "url": "https://zakupy.biedronka.pl/lavazza-lavazza-crema-e-gusto-tradizione-italiana-mieszanka-palonych-ziaren-kawy-1000-g-0000004340.html", "title": "Lavazza Crema E Gusto Tradizione Italiana Mieszanka palonych ziaren kawy 1000 g", "brand": "Lavazza", "price": "99.99 PLN", "packaging_details": "1kg- 99,99 zł / kg", "description_sections": [{"header": "Opis produktu", "content": "Mocna, wyrazista mieszanka idealna dla miłośników intensywnego i odważnego smaku, typowego dla prawdziwej włoskiej tradycji kawy."}, {"header": "Pozostałe informacje", "content": "Kraj pochodzenia:WłochyKraj pochodzenia zależy od konkretnej partii produktu jaka znajduje się w sklepie. Informację o kraju pochodzenia znajdziesz na opakowaniu. Możesz również dodać komentarz z preferowanym typem produktu w koszyku lub wiadomości dla shoppera (np. “prosze o pomidory polskie”).Nazwa wymagana prawnie:Mieszanka palonych ziaren kawy (Arabica i Robusta)."}], "images": ["data/images/529a1697650a1ffe5b47b0d439117532.jpg"], "absolute_path": "Artykuły spożywcze/Kawy/Kawa ziarnista/Produkt 6"}
{"name": "Produkt 2", "url": "https://zakupy.biedronka.pl/nivea-nivea-creme-krem-uniwersalny-150-ml-0000004613.html", "title": "Nivea Creme Krem uniwersalny 150 ml", "brand": "Nivea", "price": "15.99 PLN", "packaging_details": "0.15l- 106,60 zł / l", "description_sections": [{"header": "Opis produktu", "content": "NIVEA Creme to krem nawilżający dla całej rodziny. Ten kultowy produkt doskonale nadaje się do pielęgnacji twarzy oraz ciała i sprawia, że skóra jest świeża, gładka i zadbana. NIVEA Creme zawiera Eucerit®, który zapewnia skórze ochronę, jakiej potrzebuje, by pozostać miękką i odżywioną. Idealny na co dzień i na każdy moment, w którym Twoja skóra potrzebuje pielęgnacji. Krem nie zawiera środków konserwujących, dzięki czemu pielęgnuje w naturalny sposób. Jego regularne stosowanie pozostawi Twoją skórę nie tylko dobrze nawilżoną, ale również zadba o regenerację jej warstwy lipidowej. Tolerancja dla skóry potwierdzona dermatologicznie."}, {"header": "Przechowywanie i sposób przygotowania", "content": "Sposób podania:Stosuj codziennie, by zapobiec wysuszeniu skóry."}, {"header": "Pozostałe informacje", "content": "Kraj pochodzenia:NiemcyKraj pochodzenia zależy od konkretnej partii produktu jaka znajduje się w sklepie. Informację o kraju pochodzenia znajdziesz na opakowaniu. Możesz również dodać komentarz z preferowanym typem produktu w koszyku lub wiadomości dla shoppera (np. “prosze o pomidory polskie”).Producent:Beiersdorf Hamburg, Germany NIVEA Polska Sp. z o.o. ul. Gnieźnieńska 32 61-021 Poznań, Polska www.nivea.pl infolinia konsumencka: 801 888 888Dystrybutor:Beiersdorf Hamburg Germany NIVEA Polska Sp. z o.o. ul. Gnieźnieńska 32 61-021 Poznań Polska www.nivea.pl infolinia konsumencka801 888 888Nazwa wymagana prawnie:Nivea Creme Krem uniwersalny 150 ml"}], "images": ["data/images/0023c8f59cbeb2460377c0b1d70acd87.jpg", "data/images/5cebfb52f781989fbec1b369d6507af6.jpg"], "absolute_path": "Drogeria/Pielęgnacja ciała/Balsamy, mleczka i kremy do ciała/Produkt 2"}
{"name": "Produkt 7", "url": "https://zakupy.biedronka.pl/cafe-dor-cafe-dor-kawa-ziarnista-spanish-espresso-barista-500-g-0000017774.html", "title": "Cafe d'Or Kawa ziarnista Spanish Espresso Barista 500 g", "brand": "Cafe d'Or", "price": "39.99 PLN", "packaging_details": "0.5kg- 79,98 zł / kg", "description_sections": [{"header": "Opis produktu", "content": "Kawa palona w tradycyjny hiszpański sposób. 80 % to kawa palona naturalnie, jednak pozostałe 20 % stanowi Torrefacto, czyli kawa palona z dodatkiem cukru (ciemniejsza, szklista powłoka ziaren). Taki sposób palenia nadaje kawie wyjątkowy smak, aromat i unikalne właściwości. Blend złożony ze starannie wyselekcjonowanych ziaren Arabiki z Ameryki Południowej i wysokiej jakości ziaren Robusty z Azji."}, {"header": "Składniki i alergeny", "content": "Składniki:Kawa ziarnista palona, Arabica/Robusta (97,8%), cukier (2,2%). 20 % kawy ziarnistej w mieszance palona jest z dodatkiem cukru.Inne informacje o zawartości produktu:Zawiera surowce GMO:Nie"}, {"header": "Wartość odżywcza", "content": "W 100 mlWartość energetyczna kcal3 kcalZawartość tłuszczów (ogólnie)0.1 gKwasy tłuszczowe nasycone0.1 gZawartość węglowodanów0.5 gCukry0.5 gZawartość błonnika0.5 gZawartość białek0.5 gZawartość soli0.01 g"}, {"header": "Przechowywanie i sposób przygotowania", "content": "Sposób przygotowania:wsypać 9 g (2 łyżeczki) zmielonej kawy do filiżanki, zalać 150 ml gorącej, ale nie wrzącej wody."}, {"header": "Pozostałe informacje", "content": "Kraj pochodzenia:HiszpaniaKraj pochodzenia zależy od konkretnej partii produktu jaka znajduje się w sklepie. Informację o kraju pochodzenia znajdziesz na opakowaniu. Możesz również dodać komentarz z preferowanym typem produktu w koszyku lub wiadomości dla shoppera (np. “prosze o pomidory polskie”).Producent:Cafes Guilis S.L.Dystrybutor:Jeronimo Martins Polska S.A.Żniwna 5 62-025 KostrzynImporter:Jeronimo Martins Polska S.A.Żniwna 5 62-025 Kostrzyn PLNazwa wymagana prawnie:Kawa ziarnista Torrefacto - Spanish Style"}], "images": ["data/images/b5e5d7d30bff842de1a43644cfd4be37.jpg", "data/images/cd033548c31c9a4cdcc6e33083d57980.jpg", "data/images/35fa8af5744d14a19175318b388ab2b7.jpg"], "absolute_path": "Artykuły spożywcze/Kawy/Kawa ziarnista/Produkt 7"}
{"name": "Produkt 3", "url": "https://zakupy.biedronka.pl/neutrogena-neutrogena-gleboko-nawilzajacy-balsam-z-olejkiem-skora-sucha-400-ml-0000013490.html", "title": "Neutrogena Głęboko nawilżający balsam z olejkiem skóra sucha 400 ml", "brand": "Neutrogena", "price": "19.99 PLN", "packaging_details": "0.4l- 49,98 zł / l", "description_sections": [{"header": "Opis produktu", "content": "Neutrogena Formuła Norweska Głęboko Nawilżający Szybko Wchłaniający się Balsam do Ciała z Olejkiem MigdałowymTen nietłusty balsam do ciała z olejkiem migdałowym intensywnie pielęgnuje skórę i natychmiast zapewnia 4x więcej nawilżenia* - bez uczucia lepkości. Bariera wilgoci skóry składa się z ponad 100 ceramidów, aby utrzymać jej naturalne nawodnienie i zdrowy wygląd.Skóra jest sucha? Czas na regenerację ceramidów. Nowa technologia Pro-Ceramide w innowacyjny sposób zwiększa ilość niezbędnych ceramidów w skórze. Olejek migdałowy odżywia i pozostawia skórę gładką. Balsam szybko wchłania się w skórę, dzięki czemu można od razu się ubrać. Intensywnie nawilża przez 72h. Formuła o wysokiej tolerancji, odpowiednia nawet dla skóry wrażliwej."}, {"header": "Składniki i alergeny", "content": "Składniki:Aqua, Paraffinum Liquidum, Glycerin, Sesamum Indicum Seed Oil, Hydrogenated Palm Glycerides, Cetyl Alcohol, Caprylyl Glycol, Potassium Cetyl Phosphate, Carbomer, Sodium Polyacrylate, Sodium Hydroxide, Phenoxyethanol, Parfum [PR-0001906]"}, {"header": "Pozostałe informacje", "content": "Kraj pochodzenia:Unia EuropejskaKraj pochodzenia zależy od konkretnej partii produktu jaka znajduje się w sklepie. Informację o kraju pochodzenia znajdziesz na opakowaniu. Możesz również dodać komentarz z preferowanym typem produktu w koszyku lub wiadomości dla shoppera (np. “prosze o pomidory polskie”).Producent:Johnson & Johnson SBF,\n27100 Val de Reuil,\nFranceImporter:JNTL CONSUMER HEALTH (POLAND) Sp. z o.o.Iłżecka 24 02-135 Warszawa PLNazwa wymagana prawnie:NEUTROGENA® Formuła Norweska® Głęboko nawilżający balsam z olejkiem, skóra sucha 400 ml"}], "images": ["data/images/51ab839f9d171f802b793590bd7a4010.jpg"], "absolute_path": "Drogeria/Pielęgnacja ciała/Balsamy, mleczka i kremy do ciała/Produkt 3"}
{"name": "Produkt 1", "url": "https://zakupy.biedronka.pl/bambino-bambino-rodzina-zel-pod-prysznic-odzywczy-1000-ml-0000803489.html", "title": "Bambino Rodzina Żel pod prysznic odżywczy 1000 ml", "brand": "Bambino", "price": "31.99 PLN", "packaging_details": "1l- 31,99 zł / l", "description_sections": [{"header": "Opis produktu", "content": "Bambino Rodzina Odżywczy Żel pod Prysznic i do Kąpieli 1000 ml to kremowa formuła stworzona z myślą o codziennej pielęgnacji całej rodziny - zarówno dorosłych, jak i dzieci od 3. roku życia. Doskonale sprawdza się przy skórze suchej, wrażliwej, skłonnej do podrażnień oraz atopii, zapewniając skuteczne oczyszczenie bez naruszania naturalnej bariery ochronnej skóry. Formuła żelu została wzbogacona o pantenol i znaną z właściwości pielęgnacyjnych oliwkę. Dzięki temu produkt odżywia, koi i chroni przed przesuszeniem, zapewniając skórze miękkość i komfort już od pierwszego użycia. Jego delikatna, kremowa konsystencja dobrze się rozprowadza i łatwo spłukuje, a pH przyjazne dla skóry czyni go odpowiednim nawet dla najbardziej wymagającej cery. Duże opakowanie 1000 ml z pompką wystarcza na około 500 dozowań, co czyni go wygodnym, ekonomicznym i bardziej ekologicznym rozwiązaniem. Żel zawiera 92% składników pochodzenia naturalnego, nie zawiera mikroplastiku i jest w 100 % wegański. Wyprodukowany w Polsce.Najważniejsze cechy produktu:- Idealny do skóry wrażliwej, suchej, skłonnej do podrażnień i atopii- Delikatnie oczyszcza, nawilża i koi skórę- Odżywcza formuła z pantenolem i oliwką- Odpowiedni dla dorosłych i dzieci od 3. roku życia- 92 % składników pochodzenia naturalnego- pH przyjazne dla skóry, nawet najbardziej wymagającej- Bez mikroplastiku- W 100 % wegański- Duże opakowanie 1000 ml z pompką - aż 500 dozowań- Stworzony i wyprodukowany w PolsceSubrand:Rodzina"}, {"header": "Składniki i alergeny", "content": "Składniki:Aqua,Sodium Myreth Sulfate,Cocamidopropyl Betaine,Sodium Chloride,Glycerin,Glycine Soja Oil,Panthenol,Pantolactone,Coco-Glucoside,Decyl Glucoside,Glyceryl Oleate,Sodium Cocoamphoacetate,Glycol Distearate,Glycol Stearate,Guar Hydroxypropyltrimonium Chloride,Tocopherol,Hydrogenated Palm Glycerides,Citrate,Citric Acid,Disodium EDTA,Sodium Benzoate,Parfum,Trimethylbenzenepropanol"}, {"header": "Przechowywanie i sposób przygotowania", "content": "Sposób podania:Dla dorosłych i dla dzieci 3+  Sposób użycia: niewielką ilość żelu wlać do wanny lub nałożyć na wilgotną skórę. Po umyciu spłukać."}, {"header": "Pozostałe informacje", "content": "Kraj pochodzenia:PolskaKraj pochodzenia zależy od konkretnej partii produktu jaka znajduje się w sklepie. Informację o kraju pochodzenia znajdziesz na opakowaniu. Możesz również dodać komentarz z preferowanym typem produktu w koszyku lub wiadomości dla shoppera (np. “prosze o pomidory polskie”).Producent:NIVEA Polska Sp. z o.o.\nPoznań,\nul. Gnieźnieńska 32\nInfolinia: 801 988 888\nwww.bambino.plDystrybutor:Jeronimo Martins Polska S.A.Żniwna 5 62-025 Kostrzyn PLImporter:Jeronimo Martins Polska S.A.Żniwna 5 62-025 Kostrzyn PLNazwa wymagana prawnie:Bambino Rodzina Żel pod prysznic odżywczy 1000 ml"}], "images": ["data/images/b6b848ebd93e6d3dea9102878e046992.jpg"], "absolute_path": "Drogeria/Pielęgnacja ciała/Żele i peelingi/Produkt 1"}
{"name": "Produkt 4", "url": "https://zakupy.biedronka.pl/bambino-bambino-rodzina-zel-pod-prysznic-gruszka-1000-ml-0000803488.html", "title": "Bambino Rodzina Żel pod prysznic gruszka 1000 ml", "brand": "Bambino", "price": "31.99 PLN", "packaging_details": "1l- 31,99 zł / l", "description_sections": [{"header": "Opis produktu", "content": "Bambino Rodzina Żel pod Prysznic i do Kąpieli o zapachu gruszki 1000 ml to doskonały wybór do codziennej pielęgnacji całej rodziny - od najmłodszych po dorosłych. Produkt delikatnie, a zarazem skutecznie oczyszcza skórę, nie powodując przesuszenia ani podrażnień. Dzięki świeżemu, owocowemu zapachowi gruszki, każda kąpiel staje się chwilą przyjemności i relaksu. Formuła żelu została wzbogacona o kultową oliwkę oraz pantenol, które wspomagają utrzymanie właściwego poziomu nawilżenia i przynoszą ukojenie suchej, wrażliwej skórze. Kosmetyk ma pH przyjazne dla skóry i może być stosowany codziennie, nawet przez osoby z tendencją do podrażnień. Zawiera aż 92 % składników pochodzenia naturalnego, nie zawiera mikroplastiku i jest w 100 % wegański. Duże, rodzinne opakowanie z pompką to praktyczne, ekologiczne i wydajne rozwiązanie do każdej łazienki - wystarcza na około 500 dozowań.Najważniejsze cechy produktu:- Delikatnie oczyszcza, nie naruszając naturalnej bariery ochronnej skóry- Owocowy zapach gruszki, który długo utrzymuje się na skórze- Zawiera oliwkę i pantenol - składniki znane ze swoich właściwości nawilżających i kojących- Wydajne opakowanie 1000 ml z pompką - aż 500 dozowań- Odpowiedni do codziennego stosowania dla całej rodziny, także dzieci od 3 roku życia- 92 % składników pochodzenia naturalnego- Formuła wolna od mikroplastiku- Produkt wegański - nie zawiera składników pochodzenia zwierzęcego- pH przyjazne nawet dla skóry wrażliwej- Praktyczne, ekonomiczne i ekologiczne rozwiązanie do rodzinnej pielęgnacjiSubrand:Rodzina"}, {"header": "Składniki i alergeny", "content": "Składniki:Aqua,Sodium Myreth Sulfate,Cocamidopropyl Betaine,Sodium Chloride,Glycerin,Citric Acid,Sodium Cocoamphoacetate,Glycine Soja Oil,Panthenol,Pantolactone,Coco-Glucoside,Glyceryl Oleate,Tocopherol,Hydrogenated Palm Glycerides Citrate,Sodium Citrate,Sodium Benzoate,Parfum"}, {"header": "Przechowywanie i sposób przygotowania", "content": "Sposób podania:Sposób użycia: niewielką ilość żelu wlać do wanny lub nałożyć na wilgotną skórę. Po umyciu spłukać."}, {"header": "Pozostałe informacje", "content": "Kraj pochodzenia:PolskaKraj pochodzenia zależy od konkretnej partii produktu jaka znajduje się w sklepie. Informację o kraju pochodzenia znajdziesz na opakowaniu. Możesz również dodać komentarz z preferowanym typem produktu w koszyku lub wiadomości dla shoppera (np. “prosze o pomidory polskie”).Producent:NIVEA Polska Sp. z o.o.\nPoznań,\nul. Gnieźnieńska 32\nInfolinia: 801 988 888\nwww.bambino.plDystrybutor:Jeronimo Martins Polska S.A.Żniwna 5 62-025 Kostrzyn PLImporter:Jeronimo Martins Polska S.A.Żniwna 5 62-025 Kostrzyn PLNazwa wymagana prawnie:Bambino Rodzina Żel pod prysznic gruszka 1000 ml"}], "images": ["data/images/9ba956befdb45599833106d92655a9d3.jpg"], "absolute_path": "Drogeria/Pielęgnacja ciała/Żele i peelingi/Produkt 4"}
{"name": "Produkt 2", "url": "https://zakupy.biedronka.pl/le-petit-marseillais-le-petit-marseillais-zel-pod-prysznic-dla-mezczyzn-czerwona-pomarancza-and-szafran-400-ml-0000017315.html", "title": "Le Petit Marseillais Żel pod prysznic dla mężczyzn czerwona pomarańcza & szafran 400 ml", "brand": "Le Petit Marseillais", "price": "14.69 PLN", "packaging_details": "0.4l- 36,73 zł / l", "description_sections": [{"header": "Opis produktu", "content": "Stworzona w ciepłym klimacie Prowansji, marka Le Petit Marseillais starannie wybrała i zamknęła w swoich żelach wyjątkowe składniki, które dojrzewały naturalnie muskane promieniami słońca. Poczuj jeszcze więcej natury i ciesz się przyjemnością każdej kąpieli z żelami Le Petit Marseillais.92 % składników pochodzenia naturalnego \\ Biodegradowalna formuła w 98 % \\ Butelka nadająca się do recyklingu \\ pH neutralne dla skóry \\ Testowany dermatologicznie."}, {"header": "Składniki i alergeny", "content": "Składniki:Aqua,Sodium Laureth Sulfate,Cocamidopropyl Betaine,Glycerin,Sodium Chloride,Citrus Sinensis Fruit Extract,Crocus Sativus Flower Extract,Caramel,Citric Acid,Sodium Hydroxide,Potassium Sorbate,Sodium Benzoate,Parfum"}, {"header": "Pozostałe informacje", "content": "Kraj pochodzenia:WłochyKraj pochodzenia zależy od konkretnej partii produktu jaka znajduje się w sklepie. Informację o kraju pochodzenia znajdziesz na opakowaniu. Możesz również dodać komentarz z preferowanym typem produktu w koszyku lub wiadomości dla shoppera (np. “prosze o pomidory polskie”).Nazwa wymagana prawnie:Le Petit Marseillais Żel pod prysznic dla mężczyzn czerwona pomarańcza & szafran 400 ml"}], "images": ["data/images/519163b90c3979b32cd8787db1049ddf.jpg", "data/images/ebee9b440e40d9d4fcd142f37543d7b9.jpg"], "absolute_path": "Drogeria/Pielęgnacja ciała/Żele i peelingi/Produkt 2"}
{"name": "Produkt 3", "url": "https://zakupy.biedronka.pl/be-beauty-care-be-beauty-care-zel-aloesowy-200-ml-0000007460.html", "title": "Be Beauty Care Żel aloesowy 200 ml", "brand": "Be Beauty Care", "price": "14.99 PLN", "packaging_details": "0.2l- 74,95 zł / l", "description_sections": [{"header": "Opis produktu", "content": "Zawiera aloes z organicznych plantacji oraz alantoinę i D-panthenol. Kosmetyk przeznaczony do pielęgnacji ciała, twarzy oraz włosów. Nawilżające właściwości aloesu, pochodzącego ze słonecznego Meksyku, odżywiają i pielęgnują skórę oraz łagodzą objawy podrażnień po opalaniu, depilacji i goleniu. Kosmetyk doskonale odżywia włosy i zapewnia odczucie ich nawilżenia. Lekka formuła żelu łatwo się wchłania, nie pozostawia uczucia lepkości i tłustego filmu. Przyjemny, świeży zapach zapewnia miłą aplikację. Żel aloesowy doskonale sprawdzi się w domowym spa oraz na plaży."}, {"header": "Składniki i alergeny", "content": "Składniki:ALOE BARBADENSIS LEAF JUICE, GLYCERIN, POLYSORBATE 20, TRIETHANOLAMINE, CARBOMER, PANTHENOL, ALLANTOIN, PHENOXYETHANOL, ETHYLHEXYLGLYCERIN, CITRIC ACID, PARFUM, LINALOOL, BENZYL SALICYLATE, HYDROXYCITRONELLAL, LIMONENE, ALPHA-ISOMETHYL IONONE, CITRONELLOL."}, {"header": "Pozostałe informacje", "content": "Producent:ADEX COSMETICS & PHARMADystrybutor:Jeronimo Martins Polska S.A.Żniwna 5 62-025 KostrzynImporter:Jeronimo Martins Polska S.A.Żniwna 5 62-025 Kostrzyn PLNazwa wymagana prawnie:Wielofunkcyjny żel aloesowy"}], "images": ["data/images/5d1ed95afc4ea0eb1a1f6e5261fa2c20.jpg"], "absolute_path": "Drogeria/Pielęgnacja ciała/Żele i peelingi/Produkt 3"}
{"name": "Produkt 7", "url": "https://zakupy.biedronka.pl/dove-dove-zel-pod-prysznic-petal-soft-720-ml-0001174197.html", "title": "Dove Żel pod prysznic Petal Soft 720 ml", "brand": "Dove", "price": "27.99 PLN", "packaging_details": "720ml- 0,04 zł / ml", "description_sections": [{"header": "Opis produktu", "content": "Interesuje Cię pielęgnacja, która dba o podstawowe, naturalne potrzeby Twojej skóry? Sięgnij po Dove Essential Petal Soft – żel pod prysznic do codziennego mycia, który nie wysusza skóry, a wspiera jej naturalne nawilżenie i odbudowę. Żel pod prysznic Dove Petal Soft to idealny produkt do codziennej pielęgnacji każdej skóry, również tej wrażliwej i suchej. Ma on delikatną, kremową konsystencję, która oczyszcza ciało i dba o naskórek nie naruszając jego naturalnej bariery hydrolipidowej. Każda kąpiel z żelem pod prysznic Dove Petal Soft da Ci uczucie czystości, świeżości i długotrwałego nawilżenia. Łagodna formuła żelu została opracowana tak, by podczas mycia nie pozbawiać skóry jej naturalnej wilgoci, a ją wspierać. Już po pierwszym użyciu poczujesz różnicę – Twoja skóra nie będzie ściągnięta i wysuszona, a przyjemnie miękka, jedwabiście gładka i otulona delikatnym zapachem świeżych płatków kwiatów. Żel do ciała Dove Petal Soft to kosmetyk przebadany dermatologicznie, a w jego składzie nie znajdziesz siarczanów (0% SLS, SLES). Wszystko po to, by chronić i dbać o skórę podczas codziennych zabiegów pielęgnacyjnych. Oprócz dbania o Twoją skórę i ciało, Dove troszczy się również o planetę. Żel Petal Soft wyróżnia się aż w 92% biodegradowalną formułą, a jego butelka pochodzi w 100%* z recyklingu. Ponadto płyn posiada certyfikat PETA approved Vegan, a to oznacza, że nie został on poddany testom na zwierzętach. * Z wyłączeniem nakrętki i etykietySubrand:Essential"}, {"header": "Składniki i alergeny", "content": "Składniki:Aqua,Cocamidopropyl Betaine,Sodium Lauroyl Isethionate,Glycerin,Sodium Benzoate,Parfum,Sodium Chloride,Carbomer,Glycol Distearate,Caprylyl Glycol,Lauric Acid,Sodium Hydroxide,Stearic Acid,Sodium Lauroyl Glycinate,Sodium Isethionate,Palmitic Acid,PPG-6,PEG-150 Pentaerythrityl Tetrastearate,Sodium Gluconate,PPG-2 Hydroxyethyl Cocamide,Paeonia Officinalis Flower Extract,Citronellol,Geraniol,Hexyl Cinnamal,Limonene,Linalool,CI 17200,CI 19140"}, {"header": "Pozostałe informacje", "content": "Dystrybutor:Jeronimo Martins Polska S.A.Żniwna 5 62-025 Kostrzyn PLImporter:Jeronimo Martins Polska S.A.Żniwna 5 62-025 Kostrzyn PLNazwa wymagana prawnie:Dove Petal Soft Żel pod prysznic 720 ml"}], "images": ["data/images/6e40096115be090ec44afda992ee93b6.jpg"], "absolute_path": "Drogeria/Pielęgnacja ciała/Żele i peelingi/Produkt 7"}
{"name": "Produkt 5", "url": "https://zakupy.biedronka.pl/bambino-bambino-rodzina-zel-pod-prysznic-o-zapachu-mirabelki-1000-ml-0000007056.html", "title": "Bambino Rodzina Żel pod prysznic o zapachu mirabelki 1000 ml", "brand": "Bambino", "price": "31.99 PLN", "packaging_details": "1l- 31,99 zł / l", "description_sections": [{"header": "Opis produktu", "content": "Łagodny kosmetyk pod prysznic i do kąpieli o słodkim, owocowym zapachu mirabelki. Lekka formuła skutecznie oczyszcza skórę i sprawia, że jest gładka i miękka w dotyku. Do codziennej pielęgnacji różnego typu skóry, w tym skłonnej do podrażnień. Dzięki większej pojemności 1000 ml, cała rodzina jeszcze dłużej może cieszyć się hiperdelikatną pielęgnacją!"}, {"header": "Składniki i alergeny", "content": "Składniki:Aqua, Sodium Myreth Sulfate, Cocamidopropyl Betaine, Glycerin, Sodium Chloride, Citric Acid, Sodium Cocoamphoacetate, Glycine Soja Oil, Panthenol, Pantolactone, Coco-Glucoside, Glyceryl Oleate, Tocopherol, Hydrogenated Palm Glycerides Citrate, Sodium Citrate, Sodium Benzoate, Parfum"}, {"header": "Pozostałe informacje", "content": "Kraj pochodzenia:Unia EuropejskaKraj pochodzenia zależy od konkretnej partii produktu jaka znajduje się w sklepie. Informację o kraju pochodzenia znajdziesz na opakowaniu. Możesz również dodać komentarz z preferowanym typem produktu w koszyku lub wiadomości dla shoppera (np. “prosze o pomidory polskie”).Nazwa wymagana prawnie:BAMBINO Rodzina Żel pod prysznic o zapachu mirabelki 1000 ML"}], "images": ["data/images/ec21b7af3d97b342f2fdeca2086e954b.jpg"], "absolute_path": "Drogeria/Pielęgnacja ciała/Żele i peelingi/Produkt 5"}
{"name": "Produkt 8", "url": "https://zakupy.biedronka.pl/original-source-original-source-creamy-vanilla-and-raspberry-zel-pod-prysznic-500-ml-0000013769.html", "title": "Original Source Creamy Vanilla & Raspberry Żel pod prysznic 500 ml", "brand": "Original Source", "price": "12.49 PLN", "packaging_details": "0.5l- 24,98 zł / l", "description_sections": [{"header": "Składniki i alergeny", "content": "Składniki:Aqua,Sodium Laureth Sulfate,Sodium Chloride,Cocamidopropyl Betaine,Glycerin,Vanilla Planifolia (Vanilla) Fruit Extract,Rubus Idaeus (Raspberry) Fruit Extract,Polyquaternium-7,Parfum,Sodium Benzoate,Tetrasodium Glutamate Diacetate,Lactic Acid,Styrene/Acrylates Copolymer,C11-15 Pareth-7,C11-15 Pareth-40,Diethylamino Hydroxybenzoyl Hexyl Benzoate,Ethylhexyl Methoxycinnamate,Phenoxyethanol,Benzoic Acid,Dehydroacetic Acid,Ethylhexylglycerin,Citric Acid,Propylene Glycol Dicaprylate/Dicaprate,Xanthan Gum,Potassium Sorbate,CI 14700,CI 42090"}, {"header": "Pozostałe informacje", "content": "Kraj pochodzenia:Wielka BrytaniaKraj pochodzenia zależy od konkretnej partii produktu jaka znajduje się w sklepie. Informację o kraju pochodzenia znajdziesz na opakowaniu. Możesz również dodać komentarz z preferowanym typem produktu w koszyku lub wiadomości dla shoppera (np. “prosze o pomidory polskie”).Producent:PZ Cussons Polska S.A.\nul. Chocimska 17\n00-791 Warszawa\nPolskaDystrybutor:PZ Cussons Polska S.A.ul. Chocimska 17 00-791  WarszawaNazwa wymagana prawnie:Żel pod prysznic"}], "images": ["data/images/ab19e87c1b997882cc976481702e90c6.jpg"], "absolute_path": "Drogeria/Pielęgnacja ciała/Żele i peelingi/Produkt 8"}
{"name": "Produkt 6", "url": "https://zakupy.biedronka.pl/le-petit-marseillais-le-petit-marseillais-zel-pod-prysznic-biala-brzoskwinia-bio-and-nektarynka-bio-400-ml-0000005884.html", "title": "Le Petit Marseillais Żel pod prysznic biała brzoskwinia bio & nektarynka bio 400 ml", "brand": "Le Petit Marseillais", "price": "14.69 PLN", "packaging_details": "0.4l- 36,73 zł / l", "description_sections": [{"header": "Opis produktu", "content": "Stworzona w ciepłym klimacie Prowansji, marka Le Petit Marseillais starannie wybrała i zamknęła w swoich żelach wyjątkowe składniki, które dojrzewały naturalnie muskane promieniami słońca. Poczuj jeszcze więcej natury i ciesz się przyjemnością każdej kąpieli z żelami Le Petit Marseillais.92 % składników pochodzenia naturalnego \\ Biodegradowalna formuła w 94 % \\ Butelka nadająca się do recyklingu \\ pH neutralne dla skóry \\ Testowany dermatologicznie."}, {"header": "Składniki i alergeny", "content": "Składniki:Aqua,Sodium Laureth Sulfate,Cocamidopropyl Betaine,Glycerin,Sodium Chloride,Prunus Persica Fruit Extract,Prunus Persica Nectarina Fruit Extract,Sodium Hydroxide,Citric Acid,Sodium Benzoate,Potassium Sorbate,Parfum,Limonene"}, {"header": "Pozostałe informacje", "content": "Kraj pochodzenia:WłochyKraj pochodzenia zależy od konkretnej partii produktu jaka znajduje się w sklepie. Informację o kraju pochodzenia znajdziesz na opakowaniu. Możesz również dodać komentarz z preferowanym typem produktu w koszyku lub wiadomości dla shoppera (np. “prosze o pomidory polskie”).Nazwa wymagana prawnie:Le Petit Marseillais Żel pod prysznic biała brzoskwinia bio & nektarynka bio 400 ml"}], "images": ["data/images/d7c6a102ca1f2d90248c1c3d2e6bf4d8.jpg"], "absolute_path": "Drogeria/Pielęgnacja ciała/Żele i peelingi/Produkt 6"}
{"name": "Produkt 9", "url": "https://zakupy.biedronka.pl/dove-dove-zel-pod-prysznic-fresh-care-720-ml-0001174196.html", "title": "Dove Żel pod prysznic Fresh Care 720 ml", "brand": "Dove", "price": "27.99 PLN", "packaging_details": "720ml- 0,04 zł / ml", "description_sections": [{"header": "Opis produktu", "content": "Żel pod prysznic Dove Essential Fresh Care posiada łagodną formułę bez siarczanów SLES. Nawilżający płyn do kąpieli Dove otuli Cię swoim wyjątkowo orzeźwiającym zapachem oraz zapewni Ci uczucie odświeżenia, które pozostanie z Tobą przez cały dzień. Ten żel do kąpieli doskonale sprawdzi się zarówno dla kobiet, jak i dla mężczyzn.Żele do kąpieli Dove Essential nie zawierają agresywnych substancji myjących, tj. siarczanów takich jak SLS czy SLES, które mogą naruszyć barierę ochronną skóry. Delikatne składniki myjące płynu pod prysznic dla kobiet Dove Essential skutecznie usuwają zanieczyszczenia, ale są łagodne dla mikrobiomu i nie powodują utraty nawilżenia, dzięki czemu Twoja skóra będzie miękka i gładka.Dbanie o skórę możesz zacząć już pod prysznicem. Dzięki łagodnej pielęgnacji zadbasz o swoje ciało, które pozostanie odpowiednio odżywione. Zapomnisz o uczuciu ściągnięcia i podrażnienia i będziesz beztrosko cieszyć się resztą dnia.Używając Dove Essential, dbasz nie tylko o siebie, ale także o środowisko – formuła płynu pod prysznic ulega w 98% biodegradacji. Butelki pochodzą w 100%* z PCR i nadają się do recyklingu. Posiadają także certyfikat PETA i są odpowiednie dla wegan.Jako Dove od 20 lat budujemy pozytywną samoocenę nastolatków poprzez program Dove Self-Esteem. Do tej pory udało nam się pomóc 60 milionom młodych osób w 142 krajach, a naszym celem jest dotarcie do 250 milionów na całym świecie.*z wyłączeniem nakrętki"}, {"header": "Składniki i alergeny", "content": "Składniki:Aqua,Cocamidopropyl Betaine,Sodium Lauroyl Isethionate,Glycerin,Sodium Benzoate,Parfum,Sodium Chloride,Carbomer,Glycol Distearate,Caprylyl Glycol,Lauric Acid,Sodium Hydroxide,Stearic Acid,Sodium Lauroyl Glycinate,Sodium Isethionate,Palmitic Acid,PPG-6,PEG-150 Pentaerythrityl Tetrastearate,Sodium Gluconate,PPG-2 Hydroxyethyl Cocamide,Cucumis Sativus Juice,Camellia Sinensis Leaf Extract,Alpha-Isomethyl Ionone,Hexyl Cinnamal,Linalool,CI 19140,CI 42090"}, {"header": "Pozostałe informacje", "content": "Dystrybutor:Jeronimo Martins Polska S.A.Żniwna 5 62-025 Kostrzyn PLImporter:Jeronimo Martins Polska S.A.Żniwna 5 62-025 Kostrzyn PLNazwa wymagana prawnie:Dove Fresh Care Żel pod prysznic 720 ml"}], "images": ["data/images/f66988dae2890e2ac9be25d5d12ec6d3.jpg"], "absolute_path": "Drogeria/Pielęgnacja ciała/Żele i peelingi/Produkt 9"}
{"name": "Produkt 1", "url": "https://zakupy.biedronka.pl/undofen-undofen-aktywny-spray-do-stop-i-obuwia-4-w-1-150-ml-0000011123.html", "title": "Undofen Aktywny spray do stóp i obuwia 4 w 1 150 ml", "brand": "Undofen", "price": "18.99 PLN", "packaging_details": "0.15l- 379,80 zł / l", "description_sections": [{"header": "Opis produktu", "content": "Undofen Aktywny spray do stóp i obuwia 4w1 - na nadpotliwość stópUndofen Aktywny spray do stóp i obuwia 4w1, to ochrona przed poceniem i nieprzyjemnym zapachem stóp.Nadpotliwość stóp to problem, który może powodować dyskomfort i zakłopotanie. Undofen Aktywny spray do stóp i obuwia 4w1 zapewnia świeżość oraz pozwala przywrócić komfort, a tym samym odzyskać pewność siebie. Efekt odświeżenia i przyjemny zapach czuć natychmiast po zastosowaniu produktu. Undofen spray do butów 4w1 nie maskuje problemu, a skutecznie mu zapobiega. Można go stosować również u dzieci powyżej 3. roku życia.Korzyści stosowania Undofen Aktywny spray do stóp i obuwia 4w1Undofen Aktywny spray do stóp i obuwia zawiera antybakteryjny składnik Dermosoft, który skutecznie eliminuje nadmierne pocenie i neutralizuje nieprzyjemną woń, zapewniając natychmiastowe odświeżenie, komfort i ładny zapach. Dodatkowo spray cechują:- zawiera substancje o właściwościach antybakteryjnych,- brak mokrych śladów na stopach i wewnątrz obuwia,- aplikacja na stopy i do butów jest możliwa pod każdym kątem nachylenia."}, {"header": "Składniki i alergeny", "content": "Składniki:Isobutane,Alcohol Denat.,Propane,Triethyl Citrate,Butane,Isopropyl Myristate,Parfum,Propylene Glycol,Sodium Caproyl/Lauroyl Lactylate,Salvia Officinalis Leaf Extract,Aqua,Limonene,Hexyl Cinnamal,Linalool,Coumarin,Geraniol,Citral"}, {"header": "Przechowywanie i sposób przygotowania", "content": "Sposób podania:Jak stosować Undofen Aktywny spray do stóp i obuwia 4w1Jak pozbyć się zapachu z butów? To proste. Wystarczy wstrząsnąć pojemnikiem przed użyciem, a następnie równomiernie zaaplikować do butów z odległości 15 cm. Jeśli chodzi o aplikację preparatu na stopy, to wcześniej należy dokładnie je umyć i osuszyć, a dopiero później rozpylić na nie spray do stóp Undofen 4w1."}, {"header": "Pozostałe informacje", "content": "Kraj pochodzenia:CzechyKraj pochodzenia zależy od konkretnej partii produktu jaka znajduje się w sklepie. Informację o kraju pochodzenia znajdziesz na opakowaniu. Możesz również dodać komentarz z preferowanym typem produktu w koszyku lub wiadomości dla shoppera (np. “prosze o pomidory polskie”).Dystrybutor:Nazwa wymagana prawnie:Undofen Aktywny spray do stóp i obuwia 4 w 1 150 ml"}], "images": ["data/images/f31881ab29e462f1df88632ac5efad1b.jpg"], "absolute_path": "Drogeria/Pielęgnacja ciała/Pielęgnacja stóp/Produkt 1"}
{"name": "Produkt 2", "url": "https://zakupy.biedronka.pl/undofen-undofen-kuracja-krem-pekajace-piety-50-ml-0000011124.html", "title": "Undofen Kuracja krem pękające pięty 50 ml", "brand": "Undofen", "price": "18.99 PLN", "packaging_details": "0.05l- 379,80 zł / l", "description_sections": [{"header": "Opis produktu", "content": "Undofen Kuracja krem pękające pięty - opatrunek dla Twoich stópPękające pięty to uciążliwy kłopot - pozbądź się go dzięki kremowi Undofen. Wypróbuj kurację i ciesz się zdrowymi i pięknymi stopami każdego dnia!Pękające pięty to dość powszechna przypadłość zarówno wśród kobiet, jak i mężczyzn. Traktowana głównie jako problem estetyczny, choć wywołuje dolegliwości bólowe przy chodzeniu, utrudniając codzienne funkcjonowanie, a także może prowadzić do poważnych problemów, gdy dojdzie do zakażenia ran. Kuracja krem pękające pięty jest kosmetykiem w formie kremu z mocznikiem w wysokim stężeniu, który pomaga zadbać o stan, zdrowie i wygląd pięt. Krem na pękające pięty ma lekką formułę, dlatego doskonale się rozprowadza i szybko wchłania, nie pozostawiając tłustej warstwy na skórze.Undofen Kuracja krem pękające pięty - korzyści stosowaniaUndofen Kuracja krem pękające pięty dzięki unikalnej formule (połączenie mocznika 30%, masła shea, oleju canola i gliceryny) wykazuje szerokie spektrum działania, czyli:- usuwa problem przesuszonej skóry pięt,- dogłębnie nawilża skórę pięt,- pomaga pozbyć się zrogowaceń,- przyspiesza gojenie nawet mocno popękanych pięt,- wygładza pięty i czyni je przyjemnie miękkimi w dotyku,- odżywia skórę pięt,- wspomaga procesy regeneracji naskórka,- zapobiega przesuszaniu skóry na piętach i ponownemu jej pękaniu,- przywraca zdrowy wygląd nawet najbardziej zniszczonym piętom,- pozostawia na stopach przyjemny zapach,- skutecznie usuwa nieprzyjemne uczucie suchości i pieczenia,- zapewnia uczucie świeżości i ulgi.Warto też nadmienić, że Undofen krem na pękające pięty działa już po pierwszym użyciu, co oznacza, że zaledwie jedna aplikacja pozwala poczuć ulgę i niweluje nieprzyjemne dolegliwości, jakie dają popękane pięty. Według badań na użytkownikach:- już po pierwszym użyciu dostrzegają oni wyraźną zmianę kondycji skóry,- zaś po kolejnych 3 dniach dochodzi do widocznej poprawy poziomu nawilżenia skóry na piętach.Undofen Krem na popękane pięty zaleca się stosować w przypadku:- pękania pięt - także tych bolesnych i głębokich,- przesuszonej skóry na piętach,- zniszczonych i zrogowaciałych pięt."}, {"header": "Składniki i alergeny", "content": "Składniki:Aqua,Urea,Glycerin,Polyglyceryl-6 Stearate,Butyrospermum Parkii Butter,Sodium Lactate,Glyceryl Stearate,Triacetin,Dimethicone,Stearyl Alcohol,Triethyl Citrate,Canola Oil,Aloe Barbadensis Leaf Juice,Helianthus Annuus Seed Oil,Allantoin,Lactic Acid,Polyglyceryl-6 Behenate,Phenoxyethanol,Methylparaben,Ethylparaben,Propylparaben,Sodium Benzoate"}, {"header": "Przechowywanie i sposób przygotowania", "content": "Sposób podania:Jak używać kremuNiewielką ilość kremu wsmarowujemy dokładnie okrężnymi ruchami w czystą i suchą skórę pięt. Tam, gdzie pęknięcia są głębokie, polecamy nałożenie grubszej warstwy preparatu.Krem stosujemy raz dziennie, najlepiej na noc. Po zaaplikowaniu kremu dla wzmocnienia jego działania zaleca się nałożenie bawełnianych lub bambusowych skarpetek."}, {"header": "Pozostałe informacje", "content": "Producent:Perrigo Poland Sp. z o.o.\nAl. Niepodległości 18\n02-653 WarszawaDystrybutor:Perrigo Poland Sp. z o.o.Al. Niepodległości 18 02-653 WarszawaNazwa wymagana prawnie:Undofen Kuracja krem pękające pięty 50 ml"}], "images": ["data/images/a4ed0ea05e9ea11a0fb9012fbe7159c8.jpg"], "absolute_path": "Drogeria/Pielęgnacja ciała/Pielęgnacja stóp/Produkt 2"}
{"name": "Produkt 3", "url": "https://zakupy.biedronka.pl/luksja-luksja-creamy-and-soft-kremowe-mydlo-w-plynie-len-i-mleczko-ryzowe-opakowanie-uzupelniajace-900-ml--0000004645.html", "title": "Luksja Creamy & Soft Kremowe mydło w płynie len i mleczko ryżowe opakowanie uzupełniające 900 ml", "brand": "Luksja", "price": "8.49 PLN", "packaging_details": "0.9l- 9,43 zł / l", "description_sections": [{"header": "Opis produktu", "content": "Kremowe mydło w płynie Luksja Creamy & Soft Len i Mleczko ryżowe zawiera środki myjące naturalnego pochodzenia. Skutecznie oczyszcza skórę, zapewniając jej pielęgnację i natychmiastową miękkość. Pozostawia na dłoniach subtelny zapach.Testowane dermatologicznie. pH przyjazne dla skóry. Biodegradowalna i wegańska formuła. 93% składników naturalnego pochodzenia."}, {"header": "Składniki i alergeny", "content": "Składniki:Aqua, Sodium Laureth Sulfate, Sodium Chloride, Cocamidopropyl Betaine, Glycerin, Sodium Hyaluronate, Allantoin, C11-15 Pareth-40, C11-15 Pareth-7, Citric Acid, Disodium EDTA, Fructose, Glucose, Hydrolyzed Rice Bran Protein, Lactic Acid, Linum Usitatissimum Seed Extract, Maltose, Panthenol, Parfum, Pentylene Glycol, Polyquaternium-7, Propylene Glycol Dicaprylate/Dicaprate, Sodium Hydroxide, Sodium Lactate, Sodium Lauryl Sulfate, Sodium PCA, Sodium Sulfate, Styrene/Acrylates Copolymer, Tocopheryl Acetate, Trehalose, Urea, Xanthan Gum, Potassium Sorbate, Sodium Benzoate, CI 42090."}, {"header": "Pozostałe informacje", "content": "Kraj pochodzenia:PolskaKraj pochodzenia zależy od konkretnej partii produktu jaka znajduje się w sklepie. Informację o kraju pochodzenia znajdziesz na opakowaniu. Możesz również dodać komentarz z preferowanym typem produktu w koszyku lub wiadomości dla shoppera (np. “prosze o pomidory polskie”).Producent:Sarantis Polska S.A.,\nul. Puławska 42 C,\n05-500 Piaseczno,\ninfolinia 801 801 831Dystrybutor:Sarantis Polska S.A.Puławska 42C 05-500 Piasecznopl-info@sarantisgroup.comNazwa wymagana prawnie:Luksja Creamy & Soft Kremowe mydło w płynie Len i Mleczko ryżowe 900 ml opakowanie uzupełniające"}], "images": ["data/images/35f9cc46b6a4dcbcbbe36d92fbe79f45.jpg", "data/images/91e5989d152d3bfabf8297c0c99df4f5.jpg"], "absolute_path": "Drogeria/Pielęgnacja ciała/Mydło/Produkt 3"}
{"name": "Produkt 2", "url": "https://zakupy.biedronka.pl/luksja-luksja-creamy-and-soft-kremowe-mydlo-w-plynie-roza-i-proteiny-mleka-opakowanie-uzupelniajace-900-ml-0000016532.html", "title": "Luksja Creamy & Soft Kremowe mydło w płynie róża i proteiny mleka opakowanie uzupełniające 900 ml", "brand": "Luksja", "price": "8.49 PLN", "packaging_details": "0.9l- 9,43 zł / l", "description_sections": [{"header": "Opis produktu", "content": "Kremowe mydło w płynie Luksja Creamy & Soft Róża i Proteiny mleka zawiera środki myjące naturalnego pochodzenia. Skutecznie oczyszcza skórę, zapewniając jej pielęgnację i natychmiastową miękkość. Pozostawia na dłoniach subtelny zapach.Testowane dermatologicznie. pH przyjazne dla skóry. 93% składników naturalnego pochodzenia."}, {"header": "Składniki i alergeny", "content": "Składniki:Aqua, Sodium Laureth Sulfate, Sodium Chloride, Cocamidopropyl Betaine, Rosa Centifolia Flower Extract, Sodium Hyaluronate, Allantoin, C11-15 Pareth-40, C11-15 Pareth-7, Citric Acid, Disodium EDTA, Fructose, Glucose, Glycerin, Helianthus Annuus Hybrid Oil, Lactic Acid, Maltose, Panthenol, Parfum, Pentylene Glycol, Polyquaternium-7, Sine Adipe Lac, Sodium Hydroxide, Sodium Lactate, Sodium Lauryl Sulfate, Sodium PCA, Sodium Sulfate, Styrene/Acrylates Copolymer, Tocopheryl Acetate, Trehalose, Urea, Sodium Benzoate, Citronellol, Linalool, CI 17200."}, {"header": "Pozostałe informacje", "content": "Kraj pochodzenia:PolskaKraj pochodzenia zależy od konkretnej partii produktu jaka znajduje się w sklepie. Informację o kraju pochodzenia znajdziesz na opakowaniu. Możesz również dodać komentarz z preferowanym typem produktu w koszyku lub wiadomości dla shoppera (np. “prosze o pomidory polskie”).Producent:Sarantis Polska S.A.,\nul. Puławska 42 C,\n05-500 Piaseczno,\ninfolinia 801 801 831Dystrybutor:Sarantis Polska S.A.Puławska 42C 05-500 Piasecznopl-info@sarantisgroup.comNazwa wymagana prawnie:Luksja Creamy & Soft Kremowe mydło w płynie Róża i Proteiny mleka 900 ml opakowanie uzupełniające"}], "images": ["data/images/2fbf53e55475fc515951fb78b878c6b5.jpg", "data/images/a736f7b6477b1b4e53512b89d99c761a.jpg"], "absolute_path": "Drogeria/Pielęgnacja ciała/Mydło/Produkt 2"}
{"name": "Produkt 1", "url": "https://zakupy.biedronka.pl/luksja-luksja-creamy-and-soft-kremowe-mydlo-w-plynie-mleczko-bawelniane-i-prowitamina-b5-opakowanie-uzupelniajace-900-ml--0000004642.html", "title": "Luksja Creamy & Soft Kremowe mydło w płynie mleczko bawełniane i prowitamina B5 opakowanie uzupełniające 900 ml", "brand": "Luksja", "price": "8.49 PLN", "packaging_details": "0.9l- 9,43 zł / l", "description_sections": [{"header": "Składniki i alergeny", "content": "Składniki:Aqua, Sodium Laureth Sulfate, Sodium Chloride, Cocamidopropyl Betaine, Sodium Hyaluronate, Allantoin, C11-15 Pareth-40, C11-15 Pareth-7, Caprylyl Glycol, Citric Acid, Disodium EDTA, Fructose, Glucose, Glycerin, Gossypium Herbaceum Seed Extract, Gossypium Herbaceum Seed Oil, Lactic Acid, Maltose, Panthenol, Parfum, PEG-60 Hydrogenated Castor Oil, Pentylene Glycol, Phenethyl Alcohol, Polyquaternium-7, Sodium Hydroxide, Sodium Lactate, Sodium Lauryl Sulfate, Sodium PCA, Sodium Sulfate, Styrene/Acrylates Copolymer, Tocopherol, Tocopheryl Acetate, Trehalose, Urea, Phenoxyethanol, Potassium Sorbate, Sodium Benzoate."}, {"header": "Pozostałe informacje", "content": "Kraj pochodzenia:PolskaKraj pochodzenia zależy od konkretnej partii produktu jaka znajduje się w sklepie. Informację o kraju pochodzenia znajdziesz na opakowaniu. Możesz również dodać komentarz z preferowanym typem produktu w koszyku lub wiadomości dla shoppera (np. “prosze o pomidory polskie”).Producent:Sarantis Polska S.A.,\nul. Puławska 42 C,\n05-500 Piaseczno,\ninfolinia 801 801 831Dystrybutor:Sarantis Polska S.A.Puławska 42C 05-500 Piasecznopl-info@sarantisgroup.comNazwa wymagana prawnie:Luksja Creamy & Soft Kremowe mydło w płynie Mleczko bawełniane i Prowitamina B5 900 ml opakowanie uzupełniające"}], "images": ["data/images/40f6a39920eed43f961dbf7cf0aa80fe.jpg", "data/images/c52807f3b1f592be0911c265594327ed.jpg"], "absolute_path": "Drogeria/Pielęgnacja ciała/Mydło/Produkt 1"}
{"name": "Produkt 3", "url": "https://zakupy.biedronka.pl/nivea-nivea-dezodorant-fresh-natural-w-sprayu-200-ml-0000015875.html", "title": "Nivea Dezodorant Fresh Natural w spray'u 200 ml", "brand": "Nivea", "price": "19.99 PLN", "packaging_details": "0.2l- 99,95 zł / l", "description_sections": [{"header": "Opis produktu", "content": "Odkryj długotrwałą świeżość i wyeliminuj nieprzyjemny zapach dzięki dezodorantowi NIVEA FRESH NATURAL, który szybko się wchłania, zapewniając jednocześnie niezawodną 48-godzinną ochronę. Sekret tkwi w unikalnej formule NIVEA ∞ INFINIFRESH. Dzięki swojej antybakteryjnej formule skutecznie eliminuje bakterie powodujące nieprzyjemny zapach. Poznaj niesamowicie świeży zapach z ekstraktem z oceanu i ochronę dezodorantu, która jednocześnie pielęgnuje Twoją skórę. Dezodorant nie zawiera soli aluminium. Długotrwały efekt ∞ INFINIFRESH od NIVEA: świeżość, która utrzymuje się przez cały dzień. Tolerancja dla skóry potwierdzona dermatologicznie. Formuła zawiera Derma Active Protection 48h. NIVEA® to ponad 100 lat doświadczenia w pielęgnacji skóry oraz starannie wyselekcjonowane składniki z zachowaniem najwyższych standardów jakości."}, {"header": "Przechowywanie i sposób przygotowania", "content": "Sposób podania:Rozpyl w odległości 15cm wyłącznie na skórę pod pachami Pozostaw do wyschnięcia"}, {"header": "Pozostałe informacje", "content": "Kraj pochodzenia:PolskaKraj pochodzenia zależy od konkretnej partii produktu jaka znajduje się w sklepie. Informację o kraju pochodzenia znajdziesz na opakowaniu. Możesz również dodać komentarz z preferowanym typem produktu w koszyku lub wiadomości dla shoppera (np. “prosze o pomidory polskie”).Nazwa wymagana prawnie:Nivea Fresh Natural Dezodorant w spray'u 200ml"}], "images": ["data/images/e021fb5e35f97e9c9b10e8be8f04638e.jpg"], "absolute_path": "Drogeria/Dezodoranty/Dezodoranty damskie/Produkt 3"}
{"name": "Produkt 4", "url": "https://zakupy.biedronka.pl/nike-nike-woman-dezodorant-w-kulce-ultra-pink-50-ml-0000013938.html", "title": "Nike Woman Dezodorant w kulce Ultra Pink 50 ml", "brand": "Nike", "price": "14.99 PLN", "packaging_details": "0.05l- 299,80 zł / l", "description_sections": [{"header": "Opis produktu", "content": "Subrand:Woman"}, {"header": "Składniki i alergeny", "content": "Składniki:Aqua,Ethylhexyl Isononanoate,Glycerin,Cetyl Alcohol,Dimethicone,Glyceryl Stearate,PEG-100 Stearate,Parfum (Fragrance),2-Methyl 5-Cyclohexylpentanol,Hydroxyacetophenone,Caprylyl Glycol,Disodium EDTA,1,2-Hexanediol,Acrylates/C10-30 Alkyl Acrylate Crosspolymer,Sodium Hydroxide,Coumarin,Limonene,Benzyl Salicylate,Benzyl Benzoate,Linalool"}, {"header": "Pozostałe informacje", "content": "Kraj pochodzenia:HiszpaniaKraj pochodzenia zależy od konkretnej partii produktu jaka znajduje się w sklepie. Informację o kraju pochodzenia znajdziesz na opakowaniu. Możesz również dodać komentarz z preferowanym typem produktu w koszyku lub wiadomości dla shoppera (np. “prosze o pomidory polskie”).Dystrybutor:PH Ascoul. Warszawska 404 05-092 KiełpinNazwa wymagana prawnie:Nike Woman Ultra Pink Dezodorant w kulce 50 ml"}], "images": ["data/images/ab0d11145998f26c32ab61401d472909.jpg"], "absolute_path": "Drogeria/Dezodoranty/Dezodoranty damskie/Produkt 4"}
{"name": "Produkt 2", "url": "https://zakupy.biedronka.pl/nivea-nivea-antyperspirant-blackandwhite-invisible-pure-w-sprayu-250-ml-0000803485.html", "title": "Nivea Antyperspirant Black&White Invisible Pure w spray'u 250 ml", "brand": "Nivea", "price": "23.99 PLN", "packaging_details": "0.25l- 95,96 zł / l", "description_sections": [{"header": "Opis produktu", "content": "Wypróbuj antyperspirant w spray'u NIVEA Black&White Invisible Pure, zapewniający ochronę przed białymi śladami na czarnych ubraniach i zapobiegający powstawaniu żółtych plam na białych ubraniach. Niezawodna, 72-godzinna ochrona antyperspirantu, która jednocześnie dba o Twoją skórę pod pachami. Produkt zapewnia pewną ochronę przed potem i nieprzyjemnym zapachem bez ryzyka pobrudzenia Twoich ulubionych ubrań. Formuła nie zawiera alkoholu etylowego, a jej tolerancja dla skóry została potwierdzona dermatologicznie. NIVEA Black & White - ochrona 5w1 przed nieprzyjemnym zapachem, potem, podrażnieniami, żółtymi plamami na czarnych ubraniach i białymi śladami na czarnych ubraniach. Wyjątkowa ochrona Derma Active Protection teraz z ochroną przez 72 godziny. NIVEA® - ponad 100 lat doświadczenia w pielęgnacji skóry oraz starannie wyselekcjonowane składniki z zachowaniem najwyższych standardów jakości."}, {"header": "Przechowywanie i sposób przygotowania", "content": "Sposób podania:WSTRZĄSNĄĆ PRZED UŻYCIEM! Rozpyl w odległości 15 cm wyłącznie na skórę pod pachami. Pozostaw do wyschnięcia. Nie nanosić na uszkodzoną lub podrażnioną skórę."}, {"header": "Pozostałe informacje", "content": "Kraj pochodzenia:NiemcyKraj pochodzenia zależy od konkretnej partii produktu jaka znajduje się w sklepie. Informację o kraju pochodzenia znajdziesz na opakowaniu. Możesz również dodać komentarz z preferowanym typem produktu w koszyku lub wiadomości dla shoppera (np. “prosze o pomidory polskie”).Producent:Beiersdorf Hamburg, Germany NIVEA Polska Sp. z o.o. ul. Gnieźnieńska 32 61-021 Poznań, Polska www.nivea.pl infolinia konsumencka: 801 888 888Dystrybutor:Jeronimo Martins Polska S.A.Żniwna 5 62-025 Kostrzyn PLImporter:Jeronimo Martins Polska S.A.Żniwna 5 62-025 Kostrzyn PLNazwa wymagana prawnie:Nivea Black&White Invisible Pure Antyperspirant Spray 250ml"}], "images": ["data/images/ae50a0d2228661ae3d82c96283f8974e.jpg"], "absolute_path": "Drogeria/Dezodoranty/Dezodoranty damskie/Produkt 2"}
{"name": "Produkt 1", "url": "https://zakupy.biedronka.pl/nivea-nivea-antyperspirant-blackandwhite-invisible-fresh-w-sprayu-250-ml-0000803486.html", "title": "Nivea Antyperspirant Black&White Invisible Fresh w spray'u 250 ml", "brand": "Nivea", "price": "23.99 PLN", "packaging_details": "0.25l- 95,96 zł / l", "description_sections": [{"header": "Opis produktu", "content": "NIVEA Black&White Invisible Fresh r Antyperspirant to produkt, który zapewni Ci skuteczną i niezawodną ochronę przed poceniem się, bez ryzyka pobrudzenia Twoich ulubionych ubrań. Zapewnia ochronę 5w1 i chroni przed nieprzyjemnym zapachem, poceniem, żółtymi plamami, białymi śladami oraz przed podrażnieniami. Antyperspirant nie pozostawia żółtych plam na białych ubraniach ani białych śladów na czarnych. Unikalna formuła chroni Cię przed nadmiernym poceniem się przez 48 godzin, jednocześnie pielęgnując Twoją skórę. Odświeżający zapach zapewnia uczucie świeżości i czystości. Jego łagodność dla skóry została potwierdzona dermatologicznie."}, {"header": "Przechowywanie i sposób przygotowania", "content": "Sposób podania:Rozpyl w odległości 15 cm wyłącznie na skórę pod pachami. Pozostaw do wyschnięcia. Nie nanosić na uszkodzoną lub podrażnioną skórę."}, {"header": "Pozostałe informacje", "content": "Kraj pochodzenia:NiemcyKraj pochodzenia zależy od konkretnej partii produktu jaka znajduje się w sklepie. Informację o kraju pochodzenia znajdziesz na opakowaniu. Możesz również dodać komentarz z preferowanym typem produktu w koszyku lub wiadomości dla shoppera (np. “prosze o pomidory polskie”).Producent:Beiersdorf Hamburg, Germany NIVEA Polska Sp. z o.o. ul. Gnieźnieńska 32 61-021 Poznań, Polska www.nivea.pl infolinia konsumencka: 801 888 888Dystrybutor:Jeronimo Martins Polska S.A.Żniwna 5 62-025 Kostrzyn PLImporter:Jeronimo Martins Polska S.A.Żniwna 5 62-025 Kostrzyn PLNazwa wymagana prawnie:Nivea Black&White Invisible Fresh Antyperspirant Spray 250 ml"}], "images": ["data/images/861ab4d91247ca34e0ae2ca7a2a19c49.jpg"], "absolute_path": "Drogeria/Dezodoranty/Dezodoranty damskie/Produkt 1"}
{"name": "Produkt 1", "url": "https://zakupy.biedronka.pl/bambino-bambino-mydlo-dla-niemowlat-i-dzieci-90-g-0000011324.html", "title": "Bambino Mydło dla niemowląt i dzieci 90 g", "brand": "Bambino", "price": "4.69 PLN", "packaging_details": "0.09kg- 52,11 zł / kg", "description_sections": [{"header": "Opis produktu", "content": "Mydło delikatnie myje i pielęgnuje, a dzięki zawartości lanoliny nie wysusza skóry. Produkt jest polecany do codziennej higieny dzieci i niemowląt. Można go stosować już od pierwszych dni życia dziecka. Ponieważ ma delikatną formułę, może być używane bardzo często. Idealnie nadaje się do kąpieli, jak również do systematycznego oczyszczania rąk i ciała z wszelkich zabrudzeń. Mydło Bambino posiada pozytywną opinię Instytutu Matki i Dziecka. Wypróbuj również pozostałe kosmetyki do pielęgnacji niemowląt Bambino."}, {"header": "Przechowywanie i sposób przygotowania", "content": "Sposób podania:Zwilż mydło wodą, a następnie nanieś na myjkę lub bezpośrednio na skórę dziecka."}, {"header": "Pozostałe informacje", "content": "Kraj pochodzenia:NiemcyKraj pochodzenia zależy od konkretnej partii produktu jaka znajduje się w sklepie. Informację o kraju pochodzenia znajdziesz na opakowaniu. Możesz również dodać komentarz z preferowanym typem produktu w koszyku lub wiadomości dla shoppera (np. “prosze o pomidory polskie”).Nazwa wymagana prawnie:Mydło wegańskie 90g"}], "images": ["data/images/f0cf69efe8c1bd95a6b3685f29227e57.jpg"], "absolute_path": "Drogeria/Pielęgnacja ciała dla dzieci/Kąpiel/Produkt 1"}
{"name": "Produkt 7", "url": "https://zakupy.biedronka.pl/nivea-nivea-antyperspirant-protect-and-care-w-sprayu-200-ml-0000015877.html", "title": "Nivea Antyperspirant Protect & Care w spray'u 200 ml", "brand": "Nivea", "price": "19.99 PLN", "packaging_details": "0.2l- 99,95 zł / l", "description_sections": [{"header": "Opis produktu", "content": "NIVEA Protect & Care Antyperspirant dla kobiet w sprayu zawiera składniki oraz zapach Kremu NIVEA, dzięki czemu łagodnie pielęgnuje skórę pod pachami, a jednocześnie zapewnia wysoce efektywną ochronę przed poceniem. To idealne połączenie skuteczności i pielęgnacji sprawia, że możesz czuć się pewnie przez cały dzień. Antyperspirant będzie zapobiegać nadmiernemu poceniu się nawet przez 48 godzin, zapewniając Ci dyskretny zapach Kremu NIVEA. Produkt nie zawiera alkoholu* i jest dostępny również w kulce i w sztyfcie. Tolerancja dla skóry potwierdzona dermatologicznie. *Nie zawiera alkoholu etylowego"}, {"header": "Przechowywanie i sposób przygotowania", "content": "Sposób podania:Rozpylać z odległości 15 cm wyłącznie na skórę pod pachami. Pozostawić do wyschnięcia. Nie nanosić na uszkodzoną lub podrażnioną skórę."}, {"header": "Pozostałe informacje", "content": "Kraj pochodzenia:PolskaKraj pochodzenia zależy od konkretnej partii produktu jaka znajduje się w sklepie. Informację o kraju pochodzenia znajdziesz na opakowaniu. Możesz również dodać komentarz z preferowanym typem produktu w koszyku lub wiadomości dla shoppera (np. “prosze o pomidory polskie”).Producent:Beiersdorf Hamburg, Germany NIVEA Polska Sp. z o.o. ul. Gnieźnieńska 32 61-021 Poznań, Polska www.nivea.pl infolinia konsumencka: 801 888 888Dystrybutor:Jeronimo Martins Polska S.A.Żniwna 5 62-025 Kostrzyn PLImporter:Jeronimo Martins Polska S.A.Żniwna 5 62-025 Kostrzyn PLNazwa wymagana prawnie:Nivea Protect & Care Antyperspirant dla kobiet w spray'u 200ml"}], "images": ["data/images/01060024b8341ec1aaad249f626d0663.jpg"], "absolute_path": "Drogeria/Dezodoranty/Dezodoranty damskie/Produkt 7"}
{"name": "Produkt 5", "url": "https://zakupy.biedronka.pl/garnier-garnier-antyperspirant-mineral-action-control-thermic-50-ml-0000015132.html", "title": "Garnier Antyperspirant Mineral Action Control Thermic 50 ml", "brand": "Garnier", "price": "13.89 PLN", "packaging_details": "0.05l- 277,80 zł / l", "description_sections": [{"header": "Opis produktu", "content": "Pierwszy od Garnier antyperspirant z ekstraktem z termoaktywnymi składnikami i opatentowanym Mineralite naturalnego pochodzenia, wydobywany ze skały wulkanicznej. Zdolny do absorbcji x 2,5 razy więcej wody niż sam waży, jest x 5 razy bardziej absorbujący niż talk. Respektuje naturalną transpirację skóry dla optymalnej ochrony przed przykrym zapachem i wilgocią. Pozwala skórze oddychać. Testowany w ekstremalnych warunkach. Chroni skórę przed wilgocią i 72 h przed przykrym zapachem. Bez alkoholu etylowego. Testowany dermatologicznie.Antyperspirant zapewnia długotrwałą ochronę przed potem.Dzięki starannie opracowanej formule działa przez 72 h, dając długotrwałe poczucie komfortu, świeżości i suchości. Pozwala skórze oddychać.Antyperspirant 72 h przeciw przykremu zapachowi z termoaktywnymi składnikami i Mineralite. Bez alkoholu etylowego.Subrand:Mineral"}, {"header": "Składniki i alergeny", "content": "Składniki:Aqua / Water,Aluminum Chlorohydrate,Dimethicone,C14-22 Alcohols,Parfum / Fragrance,Steareth-100/peg-136/hdi Copolymer,Perlite,C12-20 Alkyl Glucoside,Cocos Nucifera Oil / Coconut Oil,lodopropynyl Butylcarbamate,Benzyl Alcohol,Benzyl Salicylate,Linalool,Alpha-isomethyl Ionone,Geraniol,Citronellol,Coumarin"}, {"header": "Przechowywanie i sposób przygotowania", "content": "Sposób podania:Przed użyciem wstrząsnąć. Nanieść na skórę pod pachami. Pozostawić do wyschnięcia."}, {"header": "Pozostałe informacje", "content": "Nazwa wymagana prawnie:Garnier Mineral Action Control Thermic Antyperspirant 50 ml"}], "images": ["data/images/4b5904b0a0ea4787f33d4023cdede3e5.jpg"], "absolute_path": "Drogeria/Dezodoranty/Dezodoranty damskie/Produkt 5"}
{"name": "Produkt 8", "url": "https://zakupy.biedronka.pl/nivea-nivea-fresh-natural-antyperspirant-roll-on-50-ml-0000015873.html", "title": "Nivea Fresh Natural Antyperspirant roll on 50 ml", "brand": "Nivea", "price": "16.99 PLN", "packaging_details": "0.05l- 339,80 zł / l", "description_sections": [{"header": "Opis produktu", "content": "NIVEA Fresh Natural to antyperspirant zawierający ekstrakty morskie, zapewniający skuteczną ochronę i uczucie świeżości przez cały dzień. Jest doskonałym połączeniem niezawodnej ochrony antyperspirantu i delikatnej pielęgnacji NIVEA. Jego świeży, lekki zapach utrzymuje się na skórze nawet do 48 h, zapewniając przez bardzo długo skuteczną ochronę przed przykrym zapachem. Ma orzeźwiający zapach i jest łagodny dla skóry pod pachami . Produkt został przebadany dermatologicznie."}, {"header": "Przechowywanie i sposób przygotowania", "content": "Sposób podania:Nanieść na skórę pod pachami. Pozostawić do wyschnięcia. Nie stosować na podrażnioną lub uszkodzoną skórę."}, {"header": "Pozostałe informacje", "content": "Kraj pochodzenia:NiemcyKraj pochodzenia zależy od konkretnej partii produktu jaka znajduje się w sklepie. Informację o kraju pochodzenia znajdziesz na opakowaniu. Możesz również dodać komentarz z preferowanym typem produktu w koszyku lub wiadomości dla shoppera (np. “prosze o pomidory polskie”).Producent:Beiersdorf Hamburg, Germany NIVEA Polska Sp. z o.o. ul. Gnieźnieńska 32 61-021 Poznań, Polska www.nivea.pl infolinia konsumencka: 801 888 888Dystrybutor:Beiersdorf Hamburg Germany NIVEA Polska Sp. z o.o. ul. Gnieźnieńska 32 61-021 Poznań Polska www.nivea.pl infolinia konsumencka801 888 888Nazwa wymagana prawnie:Nivea Fresh Natural Antyperspirant Roll ON 50 ml"}], "images": ["data/images/eb5897a066114f3a9319feda9c092b3f.jpg"], "absolute_path": "Drogeria/Dezodoranty/Dezodoranty damskie/Produkt 8"}
{"name": "Produkt 9", "url": "https://zakupy.biedronka.pl/nivea-nivea-antyperspirant-fresh-rose-touch-w-sprayu-250-ml-0000803487.html", "title": "Nivea Antyperspirant Fresh Rose Touch w spray'u 250 ml", "brand": "Nivea", "price": "23.99 PLN", "packaging_details": "0.25l- 95,96 zł / l", "description_sections": [{"header": "Opis produktu", "content": "Odkryj długotrwałą świeżość i wyeliminuj nieprzyjemny zapach dzięki antyperspirantowi NIVEA FRESH ROSE TOUCH, który szybko się wchłania, zapewniając jednocześnie niezawodną 72-godzinną ochronę. Sekret tkwi w unikalnej formule NIVEA ∞ INFINIFRESH. Dzięki swojej antybakteryjnej formule skutecznie eliminuje bakterie powodujące nieprzyjemny zapach. Poznaj świeży i odprężający zapach płatków róży i ochronę antyperspiracyjną, która jednocześnie pielęgnuje Twoją skórę. Niezawodna ochrona dzięki formule Derma Active 72h Protection. Antyperspirant nie zawiera alkoholu etylowego. Długotrwały efekt ∞ INFINIFRESH od NIVEA: świeżość, która utrzymuje się cały dzień. Tolerancja dla skóry potwierdzona dermatologicznie. NIVEA® - ponad 100 lat doświadczenia w pielęgnacji skóry oraz starannie wyselekcjonowane składniki z zachowaniem najwyższych standardów jakości."}, {"header": "Przechowywanie i sposób przygotowania", "content": "Sposób podania:Wstrząśnij przed użyciem Rozpyl w odległości 15cm wyłącznie na skórę pod pachami Pozostaw do wyschnięcia"}, {"header": "Pozostałe informacje", "content": "Kraj pochodzenia:PolskaKraj pochodzenia zależy od konkretnej partii produktu jaka znajduje się w sklepie. Informację o kraju pochodzenia znajdziesz na opakowaniu. Możesz również dodać komentarz z preferowanym typem produktu w koszyku lub wiadomości dla shoppera (np. “prosze o pomidory polskie”).Producent:Beiersdorf Hamburg, Germany NIVEA Polska Sp. z o.o. ul. Gnieźnieńska 32 61-021 Poznań, Polska www.nivea.pl infolinia konsumencka: 801 888 888Dystrybutor:Jeronimo Martins Polska S.A.Żniwna 5 62-025 Kostrzyn PLImporter:Jeronimo Martins Polska S.A.Żniwna 5 62-025 Kostrzyn PLNazwa wymagana prawnie:Nivea Fresh Rose Touch Antyperspirant w spray'u 250ml"}], "images": ["data/images/52587d10cd17672fd8c19b437b8c6f13.jpg"], "absolute_path": "Drogeria/Dezodoranty/Dezodoranty damskie/Produkt 9"}
{"name": "Produkt 6", "url": "https://zakupy.biedronka.pl/nivea-nivea-antyperspirant-pearl-and-beauty-w-sprayu-200-ml-0001155165.html", "title": "Nivea Antyperspirant Pearl & Beauty w spray'u 200 ml", "brand": "Nivea", "price": "19.99 PLN", "packaging_details": "0.2l- 99,95 zł / l", "description_sections": [{"header": "Opis produktu", "content": "Antyperspirant w spray'u NIVEA Pearl & Beauty z wyciągiem z pereł i olejkiem z awokado zapewnia skuteczną 72-godzinną ochronę przed nadmiernym poceniem. Jest doskonałym połączeniem niezawodnej ochrony antyperspirantu i delikatnej pielęgnacji NIVEA. Dzięki swojej delikatnej formule, można go stosować po goleniu i depilacji - nie podrażnia skóry, a dba o nią i sprawia, że pod pachami czujesz zawsze gładką suchość. Antyperspirant zapewnia Ci aksamitną gładkość pod pachami i jednocześnie pozostawia przyjemny zapach, który towarzyszyć Ci będzie przez wiele godzin po aplikacji. Produkt dostępny jest również w kulce. Nie zawiera alkoholu etylowego. Łagodność dla skóry potwierdzona dermatologicznie. NIVEA® - ponad 100 lat doświadczenia w pielęgnacji skóry oraz starannie wyselekcjonowane składniki z zachowaniem najwyższych standardów jakości."}, {"header": "Przechowywanie i sposób przygotowania", "content": "Sposób podania:WSTRZĄSNĄĆ PRZED UŻYCIEM! Rozpylać z odległości 15 cm wyłącznie na skórę pod pachami. Pozostawić do wyschnięcia. Nie nanosić na uszkodzoną lub podrażnioną skórę."}, {"header": "Pozostałe informacje", "content": "Kraj pochodzenia:PolskaKraj pochodzenia zależy od konkretnej partii produktu jaka znajduje się w sklepie. Informację o kraju pochodzenia znajdziesz na opakowaniu. Możesz również dodać komentarz z preferowanym typem produktu w koszyku lub wiadomości dla shoppera (np. “prosze o pomidory polskie”).Producent:Beiersdorf Hamburg, Germany NIVEA Polska Sp. z o.o. ul. Gnieźnieńska 32 61-021 Poznań, Polska www.nivea.pl infolinia konsumencka: 801 888 888Dystrybutor:Jeronimo Martins Polska S.A.Żniwna 5 62-025 Kostrzyn PLImporter:Jeronimo Martins Polska S.A.Żniwna 5 62-025 Kostrzyn PLNazwa wymagana prawnie:Nivea Pearl & Beauty Antyperspirant w spray'u 200ml"}], "images": ["data/images/e5723d2809f19d4fb2c1b5e240af40e9.jpg"], "absolute_path": "Drogeria/Dezodoranty/Dezodoranty damskie/Produkt 6"}
{"name": "Produkt 10", "url": "https://zakupy.biedronka.pl/nike-nike-woman-dezodorant-w-kulce-ultra-purple-50-ml-0000013939.html", "title": "Nike Woman Dezodorant w kulce Ultra Purple 50 ml", "brand": "Nike", "price": "14.99 PLN", "packaging_details": "0.05l- 299,80 zł / l", "description_sections": [{"header": "Opis produktu", "content": "Subrand:Woman"}, {"header": "Składniki i alergeny", "content": "Składniki:Aqua,Ethylhexyl Isononanoate,Glycerin,Cetyl Alcohol,Dimethicone,Glyceryl Stearate,PEG-100 Stearate,Parfum (Fragrance),2-Methyl 5-Cyclohexylpentanol,Hydroxyacetophenone,Caprylyl Glycol,Disodium EDTA,1,2-Hexanediol,Acrylates/C10-30 Alkyl Acrylate Crosspolymer,Sodium Hydroxide,Benzyl Salicylate,Alpha-Isomethyl Ionone,Hexyl Cinnamal,Hydroxycitronellal,Limonene,Linalool,Geraniol,Citronellol"}, {"header": "Pozostałe informacje", "content": "Kraj pochodzenia:HiszpaniaKraj pochodzenia zależy od konkretnej partii produktu jaka znajduje się w sklepie. Informację o kraju pochodzenia znajdziesz na opakowaniu. Możesz również dodać komentarz z preferowanym typem produktu w koszyku lub wiadomości dla shoppera (np. “prosze o pomidory polskie”).Dystrybutor:PH Ascoul. Warszawska 404 05-092 KiełpinNazwa wymagana prawnie:Nike Woman Ultra Purple Dezodorant w kulce 50 ml"}], "images": ["data/images/7619da5affe404365d4d9788a04c4afc.jpg"], "absolute_path": "Drogeria/Dezodoranty/Dezodoranty damskie/Produkt 10"}
{"name": "Produkt 11", "url": "https://zakupy.biedronka.pl/nivea-nivea-antyperspriant-rose-touch-roll-on-50-ml-0000015872.html", "title": "Nivea Antyperspriant Rose Touch roll on 50 ml", "brand": "Nivea", "price": "16.99 PLN", "packaging_details": "0.05l- 339,80 zł / l", "description_sections": [{"header": "Opis produktu", "content": "NIVEA Fresh Rose Touch to wyjątkowo świeży i pobudzający zapach przywodzący na myśl letnie wspomnienia. Pozwól unosić się delikatnemu zapachowi róży wokół Ciebie przez cały dzień! Dodatkowo zapeni sobie skuteczną 48-godzinną ochronę przed poceniem i nieprzyjemnym zapachem. Poczuj się pewnie dzięki ochronie od NIVEA. Antyperspiranty NIVEA dodatkowo pielęgnują skórę, nie zawierają alkoholu etylowego a ich łagodność jest potwierdzona dermatologicznie. Odkryj także inne antyperspiranty w kulce od NIVEA."}, {"header": "Składniki i alergeny", "content": "Składniki:Aqua , Aluminum Chlorohydrate , PPG-15 Stearyl Ether, Steareth-2, Steareth-21, Aluminum Sesquichlorohydrate , Parfum, Trisodium EDTA , BHT, Citronellol, Geraniol, Linalool, Alpha-Isomethyl Ionone , Benzyl Alcohol"}, {"header": "Pozostałe informacje", "content": "Producent:Beiersdorf Hamburg, Germany NIVEA Polska Sp. z o.o. ul. Gnieźnieńska 32 61-021 Poznań, Polska www.nivea.pl infolinia konsumencka: 801 888 888Nazwa wymagana prawnie:Antyperspriant Rose Touch roll on 50 ml"}], "images": ["data/images/ad6a549d3026cb3bae48989ab3cb0d96.jpg"], "absolute_path": "Drogeria/Dezodoranty/Dezodoranty damskie/Produkt 11"}
{"name": "Produkt 1", "url": "https://zakupy.biedronka.pl/nivea-nivea-men-antyperspirant-blackandwhite-invisible-w-sprayu-200-ml-0000015865.html", "title": "Nivea Men Antyperspirant Black&White Invisible w spray'u 200 ml", "brand": "Nivea", "price": "19.99 PLN", "packaging_details": "0.2l- 99,95 zł / l", "description_sections": [{"header": "Opis produktu", "content": "Wypróbuj antyperspirant w spray'u NIVEA MEN Black&White Invisible Original zapewniający ochronę przed białymi śladami na czarnych ubraniach i zapobiegający powstawaniu żółtych plam na białych ubraniach. Niezawodna, 72-godzinna ochrona antyperspirantu, która jednocześnie dba o Twoją skórę pod pachami. Produkt zapewnia pewną ochronę przed potem i nieprzyjemnym zapachem. Formuła nie zawiera alkoholu etylowego, a jej tolerancja dla skóry została potwierdzona dermatologicznie. NIVEA Black & White- ochrona 5w1 przed nieprzyjemnym zapachem, potem, podrażnieniami, żółtymi plamami na czarnych ubraniach i białymi śladami na czarnych ubraniach. Wyjątkowa ochrona Derma Active Protection teraz z ochroną przez 72 godziny. NIVEA® - ponad 100 lat doświadczenia w pielęgnacji skóry oraz starannie wyselekcjonowane składniki z zachowaniem najwyższych standardów jakości."}, {"header": "Przechowywanie i sposób przygotowania", "content": "Sposób podania:Wstrząśnij przed użyciem. Rozpyl w odległości 15 cm wyłącznie na skórę pod pachami. Pozostaw do wyschnięcia. Nie nanosić na uszkodzoną lub podrażnioną skórę."}, {"header": "Pozostałe informacje", "content": "Kraj pochodzenia:NiemcyKraj pochodzenia zależy od konkretnej partii produktu jaka znajduje się w sklepie. Informację o kraju pochodzenia znajdziesz na opakowaniu. Możesz również dodać komentarz z preferowanym typem produktu w koszyku lub wiadomości dla shoppera (np. “prosze o pomidory polskie”).Producent:Beiersdorf Hamburg, Germany NIVEA Polska Sp. z o.o. ul. Gnieźnieńska 32 61-021 Poznań, Polska www.nivea.pl infolinia konsumencka: 801 888 888Nazwa wymagana prawnie:Nivea MEN Black&White Invisible Antyperspirant męski w spray'u 200 ml"}], "images": ["data/images/9d2902597c9be145f3b6764c0aeebef8.jpg"], "absolute_path": "Drogeria/Dezodoranty/Dezodoranty męskie/Produkt 1"}
{"name": "Produkt 13", "url": "https://zakupy.biedronka.pl/nike-nike-woman-dezodorant-w-kulce-a-sparkling-day-50-ml-0000013934.html", "title": "Nike Woman Dezodorant w kulce A Sparkling Day 50 ml", "brand": "Nike", "price": "14.99 PLN", "packaging_details": "0.05l- 299,80 zł / l", "description_sections": [{"header": "Opis produktu", "content": "Subrand:Woman"}, {"header": "Składniki i alergeny", "content": "Składniki:Aqua,Ethylhexyl Isononanoate,Glycerin,Cetyl Alcohol,Dimethicone,Glyceryl Stearate,PEG-100 Stearate,Parfum (Fragrance),2-Methyl 5-Cyclohexylpentanol,Hydroxyacetopmenone,Caprylyl Glycol,Disodium EDTA,1,2-Hexanediol,Acrylates/C10-30 Alkyl Acrylate Crosspolymer,Linalool,Sodium Hydroxide,Limonene,Coumarin,Citronellol,Citral"}, {"header": "Pozostałe informacje", "content": "Kraj pochodzenia:HiszpaniaKraj pochodzenia zależy od konkretnej partii produktu jaka znajduje się w sklepie. Informację o kraju pochodzenia znajdziesz na opakowaniu. Możesz również dodać komentarz z preferowanym typem produktu w koszyku lub wiadomości dla shoppera (np. “prosze o pomidory polskie”).Dystrybutor:PH Ascoul. Warszawska 404 05-092  KiełpinNazwa wymagana prawnie:Nike Woman A Sparkling Day Dezodorant w kulce 50 ml"}], "images": ["data/images/2cdeba99366f26611dc4f3a7161a3046.jpg"], "absolute_path": "Drogeria/Dezodoranty/Dezodoranty damskie/Produkt 13"}
{"name": "Produkt 12", "url": "https://zakupy.biedronka.pl/nike-nike-woman-dezodorant-w-kulce-sweet-blossom-50-ml-0000013941.html", "title": "Nike Woman Dezodorant w kulce Sweet Blossom 50 ml", "brand": "Nike", "price": "14.99 PLN", "packaging_details": "0.05l- 299,80 zł / l", "description_sections": [{"header": "Opis produktu", "content": "Subrand:Woman"}, {"header": "Składniki i alergeny", "content": "Składniki:Aqua,Ethylhexyl Isononanoate,Glycerin,Cetyl Alcohol,Dimethicone,Glyceryl Stearate,PEG-100 Stearate,Parfum (Fragrance),2-Methyl 5-Cyclohexylpentanol,Hydroxyacetophenone,Caprylyl Glycol,Disodium EDTA,1,2-Hexanediol,Acrylates/C10-30 Alkyl Acrylate Crosspolymer,Sodium Hydroxide,Linalool,Benzyl Salicylate,Alpha-Isomethyl Ionone,Limonene,Hexyl Cinnamal,Hydroxycitronellal,Citronellol"}, {"header": "Pozostałe informacje", "content": "Kraj pochodzenia:HiszpaniaKraj pochodzenia zależy od konkretnej partii produktu jaka znajduje się w sklepie. Informację o kraju pochodzenia znajdziesz na opakowaniu. Możesz również dodać komentarz z preferowanym typem produktu w koszyku lub wiadomości dla shoppera (np. “prosze o pomidory polskie”).Producent:PH Asco\nul. Warszawska 404\n05-092 KiełpinNazwa wymagana prawnie:Nike Woman Sweet Blossom Dezodorant w kulce 50 ml"}], "images": ["data/images/24edbfbfcf1adafc76a3b63b2efbe7dc.jpg"], "absolute_path": "Drogeria/Dezodoranty/Dezodoranty damskie/Produkt 12"}
{"name": "Produkt 3", "url": "https://zakupy.biedronka.pl/lor%C3%A9al-paris-lor%C3%A9al-paris-men-expert-antyperspirant-invincible-50-ml-0000011573.html", "title": "L'Oréal Paris Men Expert Antyperspirant Invincible 50 ml", "brand": "L'Oréal Paris", "price": "16.99 PLN", "packaging_details": "0.05l- 339,80 zł / l", "description_sections": [{"header": "Opis produktu", "content": "Większość dezodorantów zawodzi w codziennych sytuacja powodując utratę poczucia komfortu. Dlatego specjaliści z L'Oréal Paris wykorzystali zaawansowaną technologię zawierającą substancje aktywne, które działają wielofunkcyjnie zapewniając skuteczną ochronę i długotrwałą świeżość. Specjalistyczne połączenie rewolucyjnej technologii w dezodorantach Men Expert zapewnia poczucie komfortu w męskim świecie, niezależnie od warunków i sytuacji.96 h skuteczności przeciw poceniu, wzmocniony tlenkiem magnezu, nie pozostawia śladów na ubraniachSubrand:Men Expert"}, {"header": "Składniki i alergeny", "content": "Składniki:Aqua/Water,Aluminum Chlorohydrate,Dimethicone,C14-22 Alcohols,Perlite,Steareth-100/peg-136/hdi Copolymer,Parfum/Fragrance,Zinc PCA,C12-20 Alkyl Glucoside,Peg-4,PEG-4 Dilaurate,PEG-4 Laurate,Citral,Coumarin Limonene,Linalool,Iodopropynyl Butylcarbamate"}, {"header": "Przechowywanie i sposób przygotowania", "content": "Sposób podania:Stosować na suchej i oczyszczonej skórze."}, {"header": "Pozostałe informacje", "content": "Nazwa wymagana prawnie:L'Oréal Paris Men Expert Invincible Antyperspirant 50 ml"}], "images": ["data/images/abbaf09a6cb59ff03b416372ef476f64.jpg"], "absolute_path": "Drogeria/Dezodoranty/Dezodoranty męskie/Produkt 3"}
{"name": "Produkt 5", "url": "https://zakupy.biedronka.pl/nivea-nivea-men-antyperspirant-w-kulce-blackandwhite-invisible-original-50-ml-0000015867.html", "title": "Nivea MEN Antyperspirant w Kulce Black&White Invisible Original 50 ml", "brand": "Nivea", "price": "16.99 PLN", "packaging_details": "0.05l- 339,80 zł / l", "description_sections": [{"header": "Opis produktu", "content": "Wypróbuj antyperspirant w spray'u NIVEA MEN Black&White Invisible Original zapewniający ochronę przed białymi śladami na czarnych ubraniach i zapobiegający powstawaniu żółtych plam na białych ubraniach. Niezawodna, 72-godzinna ochrona antyperspirantu, która jednocześnie dba o Twoją skórę pod pachami. Produkt zapewnia pewną ochronę przed potem i nieprzyjemnym zapachem. Formuła nie zawiera alkoholu etylowego, a jej tolerancja dla skóry została potwierdzona dermatologicznie. NIVEA Black & White- ochrona 5w1 przed nieprzyjemnym zapachem, potem, podrażnieniami, żółtymi plamami na czarnych ubraniach i białymi śladami na czarnych ubraniach. Wyjątkowa ochrona Derma Active Protection teraz z ochroną przez 72 godziny. NIVEA® - ponad 100 lat doświadczenia w pielęgnacji skóry oraz starannie wyselekcjonowane składniki z zachowaniem najwyższych standardów jakości."}, {"header": "Przechowywanie i sposób przygotowania", "content": "Sposób podania:Nanieść na skórę pod pachami. Pozostawić do wyschnięcia. Nie stosować na podrażnioną lub uszkodzoną skórę."}, {"header": "Pozostałe informacje", "content": "Kraj pochodzenia:NiemcyKraj pochodzenia zależy od konkretnej partii produktu jaka znajduje się w sklepie. Informację o kraju pochodzenia znajdziesz na opakowaniu. Możesz również dodać komentarz z preferowanym typem produktu w koszyku lub wiadomości dla shoppera (np. “prosze o pomidory polskie”).Producent:Beiersdorf Hamburg, Germany NIVEA Polska Sp. z o.o. ul. Gnieźnieńska 32 61-021 Poznań, Polska www.nivea.pl infolinia konsumencka: 801 888 888Dystrybutor:Beiersdorf Hamburg Germany NIVEA Polska Sp. z o.o. ul. Gnieźnieńska 32 61-021 Poznań Polska www.nivea.pl infolinia konsumencka801 888 888Nazwa wymagana prawnie:Nivea MEN Antyperspirant w Kulce Black&White Invisible Original 50 ml"}], "images": ["data/images/aca021523c20bbbca7fe0bbf9da9bbb4.jpg"], "absolute_path": "Drogeria/Dezodoranty/Dezodoranty męskie/Produkt 5"}
{"name": "Produkt 2", "url": "https://zakupy.biedronka.pl/dove-dove-menpluscare-antyperspirant-w-aerozolu-fresh-200-ml-0000005797.html", "title": "Dove Men+Care Antyperspirant w aerozolu Fresh 200 ml", "brand": "Dove", "price": "19.99 PLN", "packaging_details": "0.2l- 99,95 zł / l", "description_sections": [{"header": "Opis produktu", "content": "Subrand:Men+Care"}, {"header": "Składniki i alergeny", "content": "Składniki:Butane,Isobutane,Propane,Aluminum Chlorohydrate,PPG-14 Butyl Ether,Cyclopentasiloxane,Parfum,Disteardimonium Hectorite,Helianthus Annuus Seed Oil,C12-15 Alkyl Benzoate,BHT,Octyldodecanol,Dimethiconol,Propylene Carbonate,Benzyl Alcohol,Benzyl Salicylate,Citronellol,Coumarin,Hexyl Cinnamal,Limonene,Linalool"}, {"header": "Przechowywanie i sposób przygotowania", "content": "Sposób podania:Instrukcja użycia: Przed użyciem wstrząsnąć. Rozpylać z odległości 15 cm, wyłącznie na skórę pod pachami."}, {"header": "Pozostałe informacje", "content": "Producent:Unilever RA;\n455;\n3013 AL;\nNL\nwww.unilever.com\n801 610 610Dystrybutor:Unilever RA;455; 3013 A L;Nazwa wymagana prawnie:Dove Men+Care Fresh Antyperspirant w aerozolu 200 ml"}], "images": ["data/images/e5bf8ff31ea5a2f9278c70b55490b304.jpg"], "absolute_path": "Drogeria/Dezodoranty/Dezodoranty męskie/Produkt 2"}
{"name": "Produkt 4", "url": "https://zakupy.biedronka.pl/dove-dove-menpluscare-antyperspirant-w-aerozolu-classic-200-ml-0000005799.html", "title": "Dove Men+Care Antyperspirant w aerozolu Classic 200 ml", "brand": "Dove", "price": "19.99 PLN", "packaging_details": "0.2l- 99,95 zł / l", "description_sections": [{"header": "Opis produktu", "content": "Subrand:Men+Care"}, {"header": "Składniki i alergeny", "content": "Składniki:Butane,Isobutane,Propane,Aluminum Chlorohydrate,PPG-14 Butyl Ether,Cyclopentasiloxane,Parfum,Disteardimonium Hectorite,Helianthus Annuus Seed Oil,C12-15 Alkyl Benzoate,BHT,Octyldodecanol,Dimethiconol,Propylene Carbonate,Citronellol,Coumarin,Eugenol,Geraniol,Limonene,Linalool"}, {"header": "Przechowywanie i sposób przygotowania", "content": "Sposób podania:Instrukcja użycia: Przed użyciem wstrząsnąć. Rozpylać z odległości 15 cm, wyłącznie na skórę pod pachami."}, {"header": "Pozostałe informacje", "content": "Producent:Unilever RA;\n455;\n3013 AL;\nNL\nwww.unilever.com\n801 610 610Dystrybutor:Unilever RA;455; 3013 A L;Nazwa wymagana prawnie:Dove Men+Care Classic Antyperspirant w aerozolu 200 ml"}], "images": ["data/images/ec092c89445bec765764a8ae24bd6c53.jpg"], "absolute_path": "Drogeria/Dezodoranty/Dezodoranty męskie/Produkt 4"}
{"name": "Produkt 6", "url": "https://zakupy.biedronka.pl/str8-str8-ahead-dezodorant-w-sprayu-150-ml-0000011852.html", "title": "STR8 Ahead Dezodorant w sprayu 150 ml", "brand": "STR8", "price": "11.79 PLN", "packaging_details": "0.15l- 78,60 zł / l", "description_sections": [{"header": "Opis produktu", "content": "STR8 Ahead męski dezodorant zapachowy w sprayu 150ml.O działaniu odświeżającym i przedłużającym zapach przez 48h. STR8 Ahead to wyrafinowany zapach, który otwiera mieszanka bergamotki, pieprzu i lawendy. Uzupełnieniem są szałwia oraz geranium a dopełnieniem nuta irysa, wanilii i cedru. Wspólnie tworzą modną mieszankę pełną energii i mocy."}, {"header": "Składniki i alergeny", "content": "Składniki:Alcohol Denat., Butane, Isobutane, Propane, Isopropyl Palmitate, Parfum, Ethylhexylglycerin, Pentylene Glycol, Triethyl Citrate, BHT, Citronellol, Limonene, Linalool."}, {"header": "Pozostałe informacje", "content": "Kraj pochodzenia:Unia EuropejskaKraj pochodzenia zależy od konkretnej partii produktu jaka znajduje się w sklepie. Informację o kraju pochodzenia znajdziesz na opakowaniu. Możesz również dodać komentarz z preferowanym typem produktu w koszyku lub wiadomości dla shoppera (np. “prosze o pomidory polskie”).Producent:Sarantis Polska S.A.Puławska 42C 05-500 Piaseczno PLpl-info@sarantisgroup.comDystrybutor:Sarantis Polska S.A.Puławska 42C 05-500 Piasecznopl-info@sarantisgroup.comNazwa wymagana prawnie:STR8 dezodorant w sprayu 150ml Ahead"}], "images": ["data/images/ed88b12c64a07928084df7db5aa30bfb.jpg", "data/images/6bf758163ffd3289f5651e853d106862.jpg"], "absolute_path": "Drogeria/Dezodoranty/Dezodoranty męskie/Produkt 6"}
{"name": "Produkt 7", "url": "https://zakupy.biedronka.pl/lor%C3%A9al-paris-lor%C3%A9al-paris-men-expert-antyperspirant-w-kulce-carbon-protect-50-ml-0000011572.html", "title": "L'Oréal Paris Men Expert Antyperspirant w kulce Carbon Protect 50 ml", "brand": "L'Oréal Paris", "price": "16.99 PLN", "packaging_details": "0.05l- 339,80 zł / l", "description_sections": [{"header": "Opis produktu", "content": "Większość dezodorantów zawodzi w codziennych sytuacja powodując utratę poczucia komfortu. Dlatego specjaliści z L'Oréal Paris wykorzystali zaawansowaną technologię zawierającą substancje aktywne, które działają wielofunkcyjnie zapewniając skuteczną ochronę i długotrwałą świeżość. Specjalistyczne połączenie rewolucyjnej technologii w dezodorantach Men Expert zapewnia poczucie komfortu w męskim świecie, niezależnie od warunków i sytuacji."}, {"header": "Składniki i alergeny", "content": "Składniki:AQUA / WATER, ALUMINUM CHLORO- HYDRATE, DIMETHICONE, C14-22 ALCOHOLS, PERLITE, STEARETH-100/ PEG-136/HDI COPOLYMER, PARFUM / FRAGRANCE, C12-20 ALKYL GLUCOSIDE, IODOPROPYNYL BUTYLCARBAMATE, LIMONENE, ZINC PCA, LINALOOL, ALPHA-ISOMETHYL IONONE, CITRAL, COUMARIN, HEXYL CINNAMAL"}, {"header": "Pozostałe informacje", "content": "Kraj pochodzenia:FrancjaKraj pochodzenia zależy od konkretnej partii produktu jaka znajduje się w sklepie. Informację o kraju pochodzenia znajdziesz na opakowaniu. Możesz również dodać komentarz z preferowanym typem produktu w koszyku lub wiadomości dla shoppera (np. “prosze o pomidory polskie”).Dystrybutor:L'Oréal Polska Sp. z o.oul. Grzybowska 62 00-844 Warszawaiwona.jellinek@loreal.comNazwa wymagana prawnie:Men Expert DEO Carbon Protect roll on 50ml"}], "images": ["data/images/dcc6fbb8ca143193ac3cf0017c717eda.jpg"], "absolute_path": "Drogeria/Dezodoranty/Dezodoranty męskie/Produkt 7"}
{"name": "Produkt 8", "url": "https://zakupy.biedronka.pl/str8-str8-original-dezodorant-w-sprayu-150-ml-0000018247.html", "title": "STR8 Original Dezodorant w sprayu 150 ml", "brand": "STR8", "price": "11.79 PLN", "packaging_details": "0.15l- 78,60 zł / l", "description_sections": [{"header": "Opis produktu", "content": "STR8 Original męski dezodorant zapachowy w sprayu 150ml.O działaniu odświeżającym i przedłużającym zapach przez 48h.STR8 Original to bestseller wśród wszystkich zapachów STR8. To bezkompromisowo męski zapach, który otwierają nuty ziół i japońskiej cytryny i przechodzą w nuty drzewne i korzenne, a dopełnieniem są mocne nuty mchu oraz kadzidła.Zapach, który podkreśli elegancję i męskość każdego mężczyzny."}, {"header": "Składniki i alergeny", "content": "Składniki:Alcohol Denat., Isobutane, Propane, Butane, Isopropyl Palmitate, Parfum, Ethylhexylglycerin, Pentylene Glycol, Triethyl Citrate, BHT, Alpha-Isomethyl Ionone, Benzyl Salicylate, Citral, Citronellol, Eugenol, Farnesol, Geraniol, Limonene, Linalool."}, {"header": "Pozostałe informacje", "content": "Kraj pochodzenia:Unia EuropejskaKraj pochodzenia zależy od konkretnej partii produktu jaka znajduje się w sklepie. Informację o kraju pochodzenia znajdziesz na opakowaniu. Możesz również dodać komentarz z preferowanym typem produktu w koszyku lub wiadomości dla shoppera (np. “prosze o pomidory polskie”).Producent:Sarantis Polska S.A.Puławska 42C 05-500 Piaseczno PLpl-info@sarantisgroup.comDystrybutor:Sarantis Polska S.A.ul. Puławska 42c 05-500 Piaseczno Tel. 801 801 831Nazwa wymagana prawnie:STR8 dezodorant w sprayu 150ml Original"}], "images": ["data/images/3aa57641f74991c221860fb6a5f8a470.jpg"], "absolute_path": "Drogeria/Dezodoranty/Dezodoranty męskie/Produkt 8"}
{"name": "Produkt 9", "url": "https://zakupy.biedronka.pl/nivea-nivea-men-blackandwhite-invisible-fresh-antyperspirant-w-kulce-50-ml-0000015866.html", "title": "Nivea MEN Black&White Invisible Fresh Antyperspirant w kulce 50 ml", "brand": "Nivea", "price": "16.99 PLN", "packaging_details": "0.05l- 339,80 zł / l", "description_sections": [{"header": "Opis produktu", "content": "Wypróbuj antyperspirant w kulce NIVEA MEN Black&White Invisible Fresh zapewniający ochronę przed białymi śladami na czarnych ubraniach i zapobiegający powstawaniu żółtych plam na białych ubraniach. Niezawodna, 72-godzinna ochrona antyperspirantu, która jednocześnie dba o Twoją skórę pod pachami. Produkt zapewnia pewną ochronę przed potem i nieprzyjemnym zapachem. Formuła nie zawiera alkoholu etylowego, a jej tolerancja dla skóry została potwierdzona dermatologicznie. NIVEA Black & White- ochrona 5w1 przed nieprzyjemnym zapachem, potem, podrażnieniami, żółtymi plamami na białych ubraniach i białymi śladami na czarnych ubraniach. Wyjątkowa ochrona Derma Active Protection teraz z ochroną przez 72 godziny. NIVEA® - ponad 100 lat doświadczenia w pielęgnacji skóry oraz starannie wyselekcjonowane składniki z zachowaniem najwyższych standardów jakości."}, {"header": "Przechowywanie i sposób przygotowania", "content": "Sposób podania:Nanieść na skórę pod pachami. Pozostawić do wyschnięcia. Nie stosować na podrażnioną lub uszkodzoną skórę."}, {"header": "Pozostałe informacje", "content": "Kraj pochodzenia:NiemcyKraj pochodzenia zależy od konkretnej partii produktu jaka znajduje się w sklepie. Informację o kraju pochodzenia znajdziesz na opakowaniu. Możesz również dodać komentarz z preferowanym typem produktu w koszyku lub wiadomości dla shoppera (np. “prosze o pomidory polskie”).Producent:Beiersdorf Hamburg, Germany NIVEA Polska Sp. z o.o. ul. Gnieźnieńska 32 61-021 Poznań, Polska www.nivea.pl infolinia konsumencka: 801 888 888Nazwa wymagana prawnie:Nivea MEN Black&White Invisible Fresh Antyperspirant w kulce 50 ml"}], "images": ["data/images/3e0010fddd4f49c87bfeb0f8eb064dca.jpg"], "absolute_path": "Drogeria/Dezodoranty/Dezodoranty męskie/Produkt 9"}
{"name": "Produkt 11", "url": "https://zakupy.biedronka.pl/nike-nike-man-dezodorant-w-kulce-ultra-blue-50-ml-0000013936.html", "title": "Nike Man Dezodorant w kulce Ultra Blue 50 ml", "brand": "Nike", "price": "14.99 PLN", "packaging_details": "0.05l- 299,80 zł / l", "description_sections": [{"header": "Opis produktu", "content": "Subrand:Man"}, {"header": "Składniki i alergeny", "content": "Składniki:Aqua,Ethylhexyl Isononanoate,Glycerin,Cetyl Alcohol,Dimethicone,Glyceryl Stearate,PEG-100 Stearate,Parfum (Fragrance),2-Methyl 5-Cyclohexylpentanol,Hydroxyacetophenone,Caprylyl Glycol,Disodium EDTA,1,2-Hexanediol,Acrylates/C10-30 Alkyl Acrylate Crosspolymer,Linalool,Hexyl Cinnamal,Sodium Hydroxide,Limonene,Alpha-Isomethyl Ionone,Geraniol,Citral"}, {"header": "Pozostałe informacje", "content": "Kraj pochodzenia:HiszpaniaKraj pochodzenia zależy od konkretnej partii produktu jaka znajduje się w sklepie. Informację o kraju pochodzenia znajdziesz na opakowaniu. Możesz również dodać komentarz z preferowanym typem produktu w koszyku lub wiadomości dla shoppera (np. “prosze o pomidory polskie”).Dystrybutor:PH Ascoul. Warszawska 404 05-092  KiełpinNazwa wymagana prawnie:Nike Man Ultra Blue Dezodorant w kulce 50 ml"}], "images": ["data/images/f9c80db94fd60359042f0b7656732ff5.jpg"], "absolute_path": "Drogeria/Dezodoranty/Dezodoranty męskie/Produkt 11"}
{"name": "Produkt 10", "url": "https://zakupy.biedronka.pl/adidas-adidas-power-booster-antyperspirant-w-aerozolu-dla-mezczyzn-200-ml-0000009661.html", "title": "Adidas Power Booster Antyperspirant w aerozolu dla mężczyzn 200 ml", "brand": "Adidas", "price": "16.99 PLN", "packaging_details": "0.2l- 84,95 zł / l", "description_sections": [{"header": "Opis produktu", "content": "Antyperspirant w sprayu adidas Power Booster zapewnia skuteczną 72-godzinną ochronę przed wilgocią i nieprzyjemnym zapachem – wszystko to dzięki technologii Smart Body Response, która uwalnia orzeźwiający aromat w odpowiedzi na temperaturę ciała i pot. Kompozycja zachwyca świeżymi akcentami owoców, przypraw i mięty pieprzowej oraz głębokimi, eleganckimi akordami drzewnymi. Formuła została przebadana dermatologicznie, jest wegańska i nie zawiera alkoholu.Antyperspirant w sprayu adidas Power Booster zapewniający skuteczną ochronę przed wilgocią i nieprzyjemnym zapachemDziałanie aż do 72 godzinKompozycja zachwycająca świeżymi akcentami owoców, przypraw i mięty pieprzowej oraz głębokimi, eleganckimi akordami drzewnymiFormuła przebadana pod kontrolą dermatologicznąWegańska formuła niezawierająca alkoholu"}, {"header": "Składniki i alergeny", "content": "Składniki:\"Butane-Isobutane-Propane, Aluminum Chlorohydrate, C12-15 Alkyl Benzoate, Isododecane, Parfum/Fragrance, Diisopropyl Adipate, Neopentyl Glycol Diheptanoate, Disteardimonium Hectorite, Propylene Carbonate, Sodium Starch Octenylsuccinate, Maltose, Hexyl Cinnamal, Potassium Citrate, Citric Acid, Silica Dimethyl Silylate\""}, {"header": "Pozostałe informacje", "content": "Kraj pochodzenia:PolskaKraj pochodzenia zależy od konkretnej partii produktu jaka znajduje się w sklepie. Informację o kraju pochodzenia znajdziesz na opakowaniu. Możesz również dodać komentarz z preferowanym typem produktu w koszyku lub wiadomości dla shoppera (np. “prosze o pomidory polskie”).Producent:Coty Eastern Europe sp. z o.o.Domaniewska 34a 02-672 Warszawa PLcoty_ee@cotyinc.comDystrybutor:Coty Eastern Europe Sp. z o.o.Domaniewska 34a 02-672 Warszawacoty_ee@cotyinc.comNazwa wymagana prawnie:adidas Power Booster Antyperspirant w aerozolu dla mężczyzn, 200 ml"}], "images": ["data/images/d9502ca1d9cc3e9fc05ff92e5cbb2396.jpg", "data/images/29dbd7f63229b50dd1edddbed62bf5e5.jpg", "data/images/f71bca6f4570a3e9dc806f715b17bb4b.jpg", "data/images/2800c124919ffbfdab6b6e5b18c501e2.jpg", "data/images/815fc26fbaeb3163b496b0d34769e8a2.jpg"], "absolute_path": "Drogeria/Dezodoranty/Dezodoranty męskie/Produkt 10"}
{"name": "Produkt 1", "url": "https://zakupy.biedronka.pl/bielenda-bielenda-super-trio-50plus-silnie-ujedrniajacy-krem-przeciwzmarszczkowy-dzien-noc-50-ml-0000015643.html", "title": "Bielenda Super Trio 50+ Silnie ujędrniający krem przeciwzmarszczkowy dzień noc 50 ml", "brand": "Bielenda", "price": "17.99 PLN", "packaging_details": "0.05l- 359,80 zł / l", "description_sections": [{"header": "Opis produktu", "content": "Silnie ujędrniający krem przeciwzmarszczkowy dla cery dojrzałej, również wrażliwej 50+ z oznakami utraty elastyczności.Pełen ultra skutecznych składników, ciekłokrystaliczny krem ładnie napina i wygładza skórę, zmniejsza widoczność zmarszczek i przebarwień, optymalnie nawilża. Poprawia jędrność i elastyczność oraz koloryt cery, dodaje promienności i blasku. Sprawia, że skóra nabiera nowej jakości i wygląda na młodszą - jest gładka, jędrna, promienna i aksamitna w dotyku, po prostu ładniejsza.Skuteczność kremu potwierdzona badaniami*Ładnie napina i liftinguje skórę 87 %Wygładza i spłyca zmarszczki 82 %Zmniejsza widoczność przebarwień 73 %Wyrównuje koloryt, dodaje blasku cerze 93 %*Test In Vivo przeprowadzony w niezależnym laboratorium badawczym pod nadzorem dermatologów przez okres 4 tygodni.Super Trio1. Liposomalny retinolzamknięty w mikrokapsułkach, które lepiej penetrują w głąb skóry i stopniowo uwalniają swą moc, działając jeszcze długo po aplikacji. Stymuluje syntezę białek podporowych skóry, dzięki czemu w widoczny sposób minimalizuje zmarszczki i redukuje oznaki starzenia. Przyspiesza procesy odnowy naskórka i reguluje procesy złuszczania. Ma wpływ na mniejszą widoczność przebarwień i plam pigmentacyjnych.2. Ultra stabilna witamina Cto jeden z najsilniejszych antyoksydantów. Stymuluje syntezę kolagenu, dzięki czemu skóra staje się bardziej jędrna, o ujednoliconym kolorycie i wygląda młodziej. Zmniejsza widoczność przebarwień, dodaje cerze blasku.3. Biomimetyczny kolagento fundament, rusztowanie skóry, odpowiadające za jej gęstość i strukturę. Wzmacnia włókna kolagenowe osłabione procesem starzenia, dzięki czemu poprawia sprężystość i napięcie skóry. Poprawia mikrorzeźbę naskórka, ma wpływ na wygładzenie zmarszczek i opóźnienie procesów wiotczenia.Super TrioNowa jakość cery dojrzałejUltra skuteczna linia kosmetyków przeciwzmarszczkowych do cery dojrzałej, zawierająca mix najmocniejszych składników aktywnych w walce ze zmarszczkami, utratą jędrności i elastyczności, wiotczeniem skóry i przebarwieniami. Połączenie trzech mega skutecznych składników o udowodnionym działaniu: retinolu, witaminy C oraz kolagenu, zatopionych w zaawansowanych technologicznie ciekłokrystalicznych formułach, tworzy Super Trio, które jest w stanie maksymalnie zredukować widoczne na skórze oznaki upływającego czasu.Technologia ciekłokrystalicznapolega na tworzeniu w kremach ciekłych kryształów o strukturze podobnej do ciekłokrystalicznego cementu międzykomórkowego występującego naturalnie w skórze. Dlatego kremy na bazie ciekłokrystalicznej to kremy idealne, biozgodne z naturalną budową skóry. Ich struktura jest fizjologicznie zgodna ze strukturą skóry, dzięki czemu składniki aktywne mają ułatwioną penetrację w jej głąb i są natychmiast przez nią absorbowane, co czyni pielęgnację znacznie skuteczniejszą.Subrand:Super Trio"}, {"header": "Składniki i alergeny", "content": "Składniki:Aqua (Water),Coco-Caprylate/Caprate,Ethylhexyl Stearate,Sorbitan Stearate,Macadamia Integrifolia Seed Oil,Glyceryl Stearate,Propanediol,Cetearyl Alcohol,Tocopheryl Acetate,Glycerin,Ascorbyl Tetraisopalmitate,Hydrolyzed Collagen,3-O-Ethyl Ascorbic Acid,Retinol,Sorbityl Laurate,Tocopherol,Beta-Sitosterol,Squalene,Ascorbyl Palmitate,Glycine Soja (Soybean) Oil,Xanthan Gum,Sodium Stearoyl Glutamate,Citric Acid,Polysorbate 20,Polysorbate 60,Disodium EDTA,Ethylhexylglycerin,Phenoxyethanol,Methylparaben,BHT,Parfum (Fragrance),Benzyl Salicylate,Hexyl Cinnamal,Hydroxycitronellal,Limonene,Linalool"}, {"header": "Przechowywanie i sposób przygotowania", "content": "Sposób podania:Stosowanie: codziennie rano i wieczorem wmasuj krem w oczyszczoną skórę twarzy, szyi i dekoltu."}, {"header": "Pozostałe informacje", "content": "Kraj pochodzenia:PolskaKraj pochodzenia zależy od konkretnej partii produktu jaka znajduje się w sklepie. Informację o kraju pochodzenia znajdziesz na opakowaniu. Możesz również dodać komentarz z preferowanym typem produktu w koszyku lub wiadomości dla shoppera (np. “prosze o pomidory polskie”).Producent:Bielenda Kosmetyki Naturalne Sp. z o.o.\n31-553 Kraków,\nul. Fabryczna 20\nwww.bielenda.plDystrybutor:Bielenda Kosmetyki Naturalne Sp. z o.o.31-553 Kraków ul. Fa bryczna 20Nazwa wymagana prawnie:Bielenda Super Trio 50+ Silnie ujędrniający krem przeciwzmarszczkowy dzień noc 50 ml"}], "images": ["data/images/db6ed12f3846717dfdcba4cdde8dc8b4.jpg", "data/images/0db5874aad203656bdee950c01607a28.jpg"], "absolute_path": "Drogeria/Pielęgnacja twarzy/Kremy/Produkt 1"}
{"name": "Produkt 12", "url": "https://zakupy.biedronka.pl/nivea-nivea-men-antyperspirant-blackandwhite-invisible-fresh-w-sprayu-200-ml-0000015864.html", "title": "Nivea Men Antyperspirant Black&White Invisible Fresh w spray'u 200 ml", "brand": "Nivea", "price": "19.99 PLN", "packaging_details": "0.2l- 99,95 zł / l", "description_sections": [{"header": "Opis produktu", "content": "NIVEA MEN Black&White Invisible Fresh Antyperspirant to produkt, który zapewni Ci skuteczną i niezawodną ochronę przed poceniem się, bez ryzyka pobrudzenia Twoich ulubionych ubrań. Zapewnia ochronę 5w1 i chroni przed nieprzyjemnym zapachem, poceniem, żółtymi plamami, białymi śladami oraz przed podrażnieniami. Antyperspirant nie pozostawia żółtych plam na białych ubraniach ani białych śladów na czarnych. Unikalna formuła chroni Cię przed nadmiernym poceniem się przez 48 godzin, jednocześnie pielęgnując Twoją skórę. Produkt jest również antybakteryjny i nie podrażnia skóry. Jego łagodność dla skóry została potwierdzona dermatologicznie."}, {"header": "Przechowywanie i sposób przygotowania", "content": "Sposób podania:Rozpylać z odległości 15cm wyłącznie na skórę pod pachami. Pozostawić do wyschnięcia. Nie nanosić na podrażnioną lub uszkodzoną skórę."}, {"header": "Pozostałe informacje", "content": "Kraj pochodzenia:PolskaKraj pochodzenia zależy od konkretnej partii produktu jaka znajduje się w sklepie. Informację o kraju pochodzenia znajdziesz na opakowaniu. Możesz również dodać komentarz z preferowanym typem produktu w koszyku lub wiadomości dla shoppera (np. “prosze o pomidory polskie”).Producent:Beiersdorf Hamburg, Germany NIVEA Polska Sp. z o.o. ul. Gnieźnieńska 32 61-021 Poznań, Polska www.nivea.pl infolinia konsumencka: 801 888 888Dystrybutor:Jeronimo Martins Polska S.A.Żniwna 5 62-025 Kostrzyn PLImporter:Jeronimo Martins Polska S.A.Żniwna 5 62-025 Kostrzyn PLNazwa wymagana prawnie:Nivea MEN Black&White Invisible Fresh Antyperspirant męski w spray'u 200ml"}], "images": ["data/images/26c1eaf7f7556fe648566a83d1fa9b99.jpg"], "absolute_path": "Drogeria/Dezodoranty/Dezodoranty męskie/Produkt 12"}
{"name": "Produkt 2", "url": "https://zakupy.biedronka.pl/bielenda-bielenda-super-trio-70plus-gleboko-odbudowujacy--krem-przeciwzmarszczkowy-dzien-noc-50-ml-0000015641.html", "title": "Bielenda Super Trio 70+ Głęboko odbudowujący  krem przeciwzmarszczkowy dzień noc 50 ml", "brand": "Bielenda", "price": "17.99 PLN", "packaging_details": "0.05l- 359,80 zł / l", "description_sections": [{"header": "Opis produktu", "content": "Głęboko odbudowujący krem przeciwzmarszczkowy dla cery dojrzałej, również wrażliwej 70+ przesuszonej, z głębokimi zmarszczkami.Pełen ultra skutecznych składników, ciekłokrystaliczny krem wzmacnia i rewitalizuje skórę, zmniejsza widoczność zmarszczek i przebarwień, optymalnie nawilża. Poprawia elastyczność oraz koloryt cery. Sprawia, że skóra nabiera nowej jakości, wygląda na wypoczętą - jest gładsza, jędrniejsza, zregenerowana i dobrze odżywiona, po prostu w lepszej kondycji.Skuteczność kremu potwierdzona badaniami*Intensywnie nawilża 93 %Ładnie rewitalizuje cerę 91 %Wygładza i spłyca zmarszczki 79 %Widocznie poprawia kondycję i jakość skóry 95 %*Test In Vivo przeprowadzony w niezależnym laboratorium badawczym pod nadzorem dermatologów przez okres 4 tygodni.Super Trio1. Liposomalny retinolzamknięty w mikrokapsułkach, które lepiej penetrują w głąb skóry i stopniowo uwalniają swą moc, działając jeszcze długo po aplikacji. Stymuluje syntezę białek podporowych skóry, dzięki czemu w widoczny sposób minimalizuje zmarszczki i redukuje oznaki starzenia. Przyspiesza procesy odnowy naskórka i reguluje procesy złuszczania. Ma wpływ na mniejszą widoczność przebarwień i plam pigmentacyjnych.2. Ultra stabilna witamina Cto jeden z najsilniejszych antyoksydantów. Stymuluje syntezę kolagenu, dzięki czemu skóra staje się bardziej jędrna, o ujednoliconym kolorycie i wygląda młodziej. Zmniejsza widoczność przebarwień, dodaje cerze blasku.3. Biomimetyczny kolagento fundament, rusztowanie skóry, odpowiadające za jej gęstość i strukturę. Wzmacnia włókna kolagenowe osłabione procesem starzenia, dzięki czemu poprawia sprężystość i napięcie skóry. Poprawia mikrorzeźbę naskórka, ma wpływ na wygładzenie zmarszczek i opóźnienie procesów wiotczenia.Super TrioNowa jakość cery dojrzałejUltra skuteczna linia kosmetyków przeciwzmarszczkowych do cery dojrzałej, zawierająca mix najmocniejszych składników aktywnych w walce ze zmarszczkami, utratą jędrności i elastyczności, wiotczeniem skóry i przebarwieniami. Połączenie trzech mega skutecznych składników o udowodnionym działaniu: retionolu, witaminy C oraz kolagenu, zatopionych w zaawansowanych technologicznie ciekłokrystalicznych formułach, tworzy Super Trio, które jest w stanie maksymalnie zredukować widoczne na skórze oznaki upływającego czasu.Technologia ciekłokrystalicznapolega na tworzeniu w kremach ciekłych kryształów o strukturze podobnej do ciekłokrystalicznego cementu międzykomórkowego występującego naturalnie w skórze. Dlatego kremy na bazie ciekłokrystalicznej to kremy idealne, biozgodne z naturalną budową skóry. Ich struktura jest fizjologicznie zgodna ze strukturą skóry, dzięki czemu składniki aktywne mają ułatwioną penetrację w jej głąb i są natychmiast przez nią absorbowane, co czyni pielęgnację znacznie skuteczniejszą.Subrand:Super Trio"}, {"header": "Składniki i alergeny", "content": "Składniki:Aqua (Water),Triethylhexanoin,Coco-Caprylate/Caprate,Butyrospermum Parkii (Shea) Butter Orbignya Oleifera (Babassu) Seed Oil,Glyceryl Stearate,Cetearyl Olivate,Cetearyl Alcohol,Sorbitan Olivate,Propanediol,Tocopheryl Acetate,Glycerin,Retinol,Ascorbyl Tetraisopalmitate,3-O-Ethyl Ascorbic Acid,Hydrolyzed Collagen,Xanthan Gum,Tocopherol,Beta-Sitosterol,Squalene,Ascorbyl Palmitate,Glycine Soja (Soybean) Oil,Polysorbate 60,Polysorbate 20,Disodium EDTA,Ethyl- hexylglycerin,BHT,Phenoxyethanol,Methylparaben,Parfum (Fragrance),Benzyl Salicylate,Hexyl Cinnamal,Hydroxycitronellal,Limonene,Linalool"}, {"header": "Przechowywanie i sposób przygotowania", "content": "Sposób podania:Stosowanie: codziennie rano i wieczorem wmasuj krem w oczyszczoną skórę twarzy, szyi i dekoltu."}, {"header": "Pozostałe informacje", "content": "Kraj pochodzenia:PolskaKraj pochodzenia zależy od konkretnej partii produktu jaka znajduje się w sklepie. Informację o kraju pochodzenia znajdziesz na opakowaniu. Możesz również dodać komentarz z preferowanym typem produktu w koszyku lub wiadomości dla shoppera (np. “prosze o pomidory polskie”).Producent:Bielenda\nKosmetyki Naturalne Sp. z o.o.\n31-553 Kraków,\nul. Fabryczna 20\nwww.bielenda.plDystrybutor:BielendaKosmetyki Naturalne Sp. z o.o. 31-553 KrakówNazwa wymagana prawnie:Bielenda Super Trio 70+ Głęboko odbudowujący  krem przeciwzmarszczkowy dzień noc 50 ml"}], "images": ["data/images/0c23bec3b547e338c6ea2ab0320ce169.jpg", "data/images/5325d74fa9d70913220e341a08c01ae8.jpg"], "absolute_path": "Drogeria/Pielęgnacja twarzy/Kremy/Produkt 2"}
{"name": "Produkt 3", "url": "https://zakupy.biedronka.pl/bielenda-bielenda-super-trio-aktywnie-rewitalizujace-serum-przeciwzmarszczkowe-noc-30-ml-0000015640.html", "title": "Bielenda Super Trio Aktywnie rewitalizujące serum przeciwzmarszczkowe noc 30 ml", "brand": "Bielenda", "price": "19.99 PLN", "packaging_details": "0.03l- 666,33 zł / l", "description_sections": [{"header": "Opis produktu", "content": "Pełne ultra skutecznych składników, ciekłokrystaliczne serum aktywnie rewitalizuje cerę dojrzałą, również wrażliwą. Sprawia, że skóra nabiera nowej jakości i wygląda na młodszą - jest gładka, jędrna, promienna i aksamitna w dotyku, po prostu ładna.Bogata, kremowa, aksamitna konsystencja jest idealna do stosowania na noc, kiedy procesy regeneracyjne skóry są najbardziej intensywne.Skuteczność serum potwierdzona badaniami*Napina i liftinguje skórę 89 %Wygładza i spłyca zmarszczki 86 %Zmniejsza widoczność przebarwień 78 %Poprawia jędrność i sprężystość skóry 90 %Test In Vivo przeprowadzony w niezależnym laboratorium badawczym pod nadzorem dermatologów przez okres 4 tygodni.Super TrioNowa jakość cery dojrzałejUltra skuteczna linia kosmetyków przeciwzmarszczkowych do cery dojrzałej, zawierająca mix najmocniejszych składników aktywnych w walce ze zmarszczkami, utratą jędrności i elastyczności, wiotczeniem skóry i przebarwieniami.Połączenie trzech mega skutecznych składników o udowodnionym działaniu: retinolu, witaminy C oraz kolagenu, zatopionych w zaawansowanych technologicznie ciekłokrystalicznych formułach, tworzy Super Trio, które jest w stanie maksymalnie zredukować widoczne na skórze oznaki upływającego czasu.1. Liposomalny retinolw widoczny sposób minimalizuje zmarszczki i redukuje oznaki starzenia. Ma wpływ na mniejszą widoczność przebarwień i plam pigmentacyjnych.2. Ultra stabilna witamina Cujędrnia i ujednolica koloryt, dzięki czemu cera wygląda młodziej.3. Biomimetyczny kolagenwzmacnia włókna kolagenowe osłabione procesem starzenia, dzięki czemu poprawia sprężystość i napięcie skóry.Technologia ciekłokrystalicznapolega na tworzeniu w serum ciekłych kryształów o strukturze podobnej do ciekłokrystalicznego cementu międzykomórkowego występującego naturalnie w skórze. Powstaje serum idealne, biozgodne z naturalną budową skóry, w którym składniki aktywne mają ułatwioną penetrację w jej głąb i są natychmiast przez nią absorbowane, co czyni pielęgnację znacznie skuteczniejszą.Subrand:Super Trio"}, {"header": "Składniki i alergeny", "content": "Składniki:Aqua (Water),Coco-Caprylate/Caprate,Butyrospermum Parkii (Shea) Butter,Orbignya Oleifera (Babassu) Seed Oil,Cetearyl Olivate,Sorbitan Olivate,Propanediol,Glycerin,Retinol,Ascorbyl Tetraisopalmitate,3-O-Ethyl Ascorbic Acid,Hydrolyzed Collagen,Xanthan Gum,Tocopherol,Beta-Sitosterol,Squalene,Ascorbyl Palmitate,Glycine Soja (Soybean) Oil,Polysorbate 60,Polysorbate 20,Disodium EDTA,Ethylhexylglycerin,BHT,Phenoxyethanol,Methylparaben,Parfum (Fragrance),Benzyl Salicylate,Hexyl Cinnamal,Hydroxycitronellal,Limonene,Linalool"}, {"header": "Przechowywanie i sposób przygotowania", "content": "Sposób podania:Stosowanie: Codziennie wieczorem wmasuj serum w skórę twarzy, szyi i dekoltu. Stosuj samodzielnie lub jako bazę pod krem. Serum potęguje działanie kremu i błyskawicznie się wchłania."}, {"header": "Pozostałe informacje", "content": "Kraj pochodzenia:PolskaKraj pochodzenia zależy od konkretnej partii produktu jaka znajduje się w sklepie. Informację o kraju pochodzenia znajdziesz na opakowaniu. Możesz również dodać komentarz z preferowanym typem produktu w koszyku lub wiadomości dla shoppera (np. “prosze o pomidory polskie”).Producent:Bielenda KOSMETYKI NATURALNE Sp. z o.o.\n31-553 Kraków,\nul. Fabryczna 20\nwww.bielenda.plDystrybutor:Bielenda KOSMETYKI NATURALNE Sp. z o.o.31-553 Kraków ul. Fa bryczna 20Nazwa wymagana prawnie:Bielenda Super Trio Aktywnie rewitalizujące serum przeciwzmarszczkowe noc 30 ml"}], "images": ["data/images/3438b968792d074aa90bdd2dceed723a.jpg", "data/images/99cc0e92225e918fb344ffa6b3acd48f.jpg"], "absolute_path": "Drogeria/Pielęgnacja twarzy/Kremy/Produkt 3"}
{"name": "Produkt 13", "url": "https://zakupy.biedronka.pl/str8-str8-dezodorant-w-sprayu-red-code-150-ml-0000018248.html", "title": "STR8 Dezodorant w sprayu Red Code 150 ml", "brand": "STR8", "price": "11.79 PLN", "packaging_details": "0.15l- 78,60 zł / l", "description_sections": [{"header": "Opis produktu", "content": "STR8 Red Code męski dezodorant zapachowy w sprayu 150ml o działaniu odświeżającym i przedłużającym zapach przez 48h.STR8 Red Code intryguje zapachem nut cytrusowych wymieszanych z mocnymi nutami ziół oraz jaśminu. Dopełnieniem jego jest nuta fasoli tonka, która tworzy uwodzicielski, orzeźwiający aromat.NUTY ZAPACHOWE STR8 Red Code: Głowa: Ananas, Nuty morskie, Grejpfrut, Kardamon; Serce: Lawenda, Jaśmin, Geranium, Tymianek; Baza: Bursztyn, Jodła, fasola tonka;"}, {"header": "Składniki i alergeny", "content": "Składniki:Alcohol Denat., Butane, Isobutane, Propane, Isopropyl Palmitate, Parfum, Ethylhexylglycerin, Pentylene Glycol, Triethyl Citrate, BHT, Alpha-Isomethyl Ionone, Benzyl Salicylate, Citral, Citronellol, Coumarin, Geraniol, Hexyl Cinnamal, Hydroxycitronellal, Limonene, Linalool."}, {"header": "Pozostałe informacje", "content": "Kraj pochodzenia:Unia EuropejskaKraj pochodzenia zależy od konkretnej partii produktu jaka znajduje się w sklepie. Informację o kraju pochodzenia znajdziesz na opakowaniu. Możesz również dodać komentarz z preferowanym typem produktu w koszyku lub wiadomości dla shoppera (np. “prosze o pomidory polskie”).Dystrybutor:Sarantis Polska S.A.Puławska 42C 05-500 Piasecznopl-info@sarantisgroup.comNazwa wymagana prawnie:STR8 dezodorant w sprayu 150ml Red Code"}], "images": ["data/images/f7b8803816f6947474fd2795fec2a0e8.jpg", "data/images/f6e772b2887657291e5fc8acdb2b73c3.jpg"], "absolute_path": "Drogeria/Dezodoranty/Dezodoranty męskie/Produkt 13"}
{"name": "Produkt 3", "url": "https://zakupy.biedronka.pl/nivea-nivea-plyn-micelarny-kojacy-cera-wrazliwa-i-nadwrazliwa-400-ml-0000013049.html", "title": "Nivea Płyn micelarny kojący cera wrażliwa i nadwrażliwa 400 ml", "brand": "Nivea", "price": "21.99 PLN", "packaging_details": "0.4l- 54,98 zł / l", "description_sections": [{"header": "Opis produktu", "content": "Specjalnie opracowany dla skóry wrażliwej Kojący Płyn Micelarny NIVEA usuwa makijaż, oczyszcza, nawilża i koi skórę bez pozostawiania śladów. Łagodząca formuła z Kompleksem Aminokwasowym i Dekspantenolem jest wzbogacona o oczyszczające Micele i łagodne aminokwasy. Skutecznie usuwa makijaż, zanieczyszczenia i brud za pomocą kilku lekkich pociągnięć, bez konieczności pocierania. Nasza woda micelarna nie zawiera kompozycji zapachowej i jest testowana dermatologicznie i okulistycznie. Dzięki ponad 130-letniemu doświadczeniu NIVEA jest liderem na światowym rynku produktów do pielęgnacji skóry. Nasi naukowcy dokładają wszelkich starań, aby dostarczać wysokiej jakości, przebadane dermatologicznie produkty dostosowane do potrzeb skóry. W NIVEA troszczymy się o planetę tak samo, jak o Twoją skórę i jesteśmy zaangażowani w zrównoważony rozwój, wykorzystując plastik pochodzący z recyklingu i tworząc biodegradowalne formuły"}, {"header": "Przechowywanie i sposób przygotowania", "content": "Sposób podania:Nałóż produkt na wacik.||title:Przygotuj Delikatnie przetrzyj twarz i zamknięte oczy, aby rozpuścić makijaż i tusz do rzęs.||title:Nałóż Nie wymaga spłukiwania.||title:Gotowe"}, {"header": "Pozostałe informacje", "content": "Kraj pochodzenia:NiemcyKraj pochodzenia zależy od konkretnej partii produktu jaka znajduje się w sklepie. Informację o kraju pochodzenia znajdziesz na opakowaniu. Możesz również dodać komentarz z preferowanym typem produktu w koszyku lub wiadomości dla shoppera (np. “prosze o pomidory polskie”).Producent:Beiersdorf Hamburg, Germany NIVEA Polska Sp. z o.o. ul. Gnieźnieńska 32 61-021 Poznań, Polska www.nivea.pl infolinia konsumencka: 801 888 888Nazwa wymagana prawnie:Nivea Płyn micelarny Kojący cera wrażliwa i nadwrażliwa"}], "images": ["data/images/3e13a9305893ed4910e2aeb0279c534e.jpg"], "absolute_path": "Drogeria/Pielęgnacja twarzy/Oczyszczanie twarzy/Produkt 3"}
{"name": "Produkt 1", "url": "https://zakupy.biedronka.pl/nivea-nivea-pielegnujace-mleczko-oczyszczajace-dla-cery-suchej-i-wrazliwej-200-ml-0000007426.html", "title": "Nivea Pielęgnujące mleczko oczyszczające dla cery suchej i wrażliwej 200 ml", "brand": "Nivea", "price": "17.99 PLN", "packaging_details": "0.2l- 89,95 zł / l", "description_sections": [{"header": "Opis produktu", "content": "NIVEA® Łagodne Mleczko Oczyszczające do cery suchej i wrażliwej z naturalnym olejkiem migdałowym głęboko oczyszcza twarz i usuwa makijaż, utrzymując jednocześnie naturalny poziom nawilżenia skóry. Dzięki doskonałym właściwościom nawilżającym, mleczko zapewnia cerze suchej i wrażliwej odpowiednią pielęgnację i przywraca jej naturalną równowagę. Regularne stosowanie mleczka sprawi, że Twoja sucha i wrażliwa skóra nie tylko będzie głęboko oczyszczona i ukojona, ale również zyska zdrowy i piękny wygląd. By uzyskać jak najlepszy efekt, po oczyszczeniu twarzy nałóż krem również przeznaczony do cery suchej i wrażliwej. Działa w równowadze z mikrobiomem Twojej skóry. Produkt został przebadany dermatologicznie i okulistycznie."}, {"header": "Przechowywanie i sposób przygotowania", "content": "Sposób podania:Nałóż niewielką ilość mleczka na wacik lub dłonie. Wykonując okrężne ruchy, wmasuj w skórę twarzy, szyi i dekoltu. Nadmiar mleczka usuń za pomocą wacika lub wody."}, {"header": "Pozostałe informacje", "content": "Kraj pochodzenia:NiemcyKraj pochodzenia zależy od konkretnej partii produktu jaka znajduje się w sklepie. Informację o kraju pochodzenia znajdziesz na opakowaniu. Możesz również dodać komentarz z preferowanym typem produktu w koszyku lub wiadomości dla shoppera (np. “prosze o pomidory polskie”).Producent:Beiersdorf Hamburg, Germany NIVEA Polska Sp. z o.o. ul. Gnieźnieńska 32 61-021 Poznań, Polska www.nivea.pl infolinia konsumencka: 801 888 888Nazwa wymagana prawnie:Nivea Pielęgnujące mleczko oczyszczające dla cery suchej i wrażliwej 200 ml"}], "images": ["data/images/d28a7fd49f9492d0867b023b6b228504.jpg"], "absolute_path": "Drogeria/Pielęgnacja twarzy/Oczyszczanie twarzy/Produkt 1"}
{"name": "Produkt 5", "url": "https://zakupy.biedronka.pl/nivea-nivea-soft-krem-intensywnie-nawilzajacy-300-ml-0000001886.html", "title": "Nivea Soft Krem intensywnie nawilżający 300 ml", "brand": "Nivea", "price": "26.99 PLN", "packaging_details": "0.3l- 89,97 zł / l", "description_sections": [{"header": "Opis produktu", "content": "Krem intensywnie nawilżający NIVEA Soft zawiera teraz ulepszoną formułę, która zapewnia jeszcze intensywniejsze nawilżanie i pielęgnację. Krem ten ma niezwykle lekką konsystencję, dzięki czemu błyskawicznie się wchłania, pozostawiając wyjątkowe uczucie gładkości, miękkości i ożywienia. W jego skład wchodzi olejek jojoba, który intensywnie nawilża skórę, a także witamina E chroniąca jej naturalną strukturę. Idealnie nadaje się do codziennej pielęgnacji – jest odpowiedni do wszystkich rodzajów skóry. Ma delikatny i przyjemny zapach i sprawia, że twarz zyskuje zdrowy, zadbany wygląd a skóra jest odpowiednio nawilżona i chroniona. Tolerancja dla skóry potwierdzona dermatologicznie. Wyjątkowa pielęgnacja od NIVEA oparta na ponad 100 latach doświadczenia w pielęgnacji skóry. Zaufaj najwyższej jakości kosmetyków marki NIVEA i ciesz się długotrwale nawilżoną i odżywioną skórą!"}, {"header": "Przechowywanie i sposób przygotowania", "content": "Sposób podania:Stosuj codziennie na twarz, ciało i dłonie."}, {"header": "Pozostałe informacje", "content": "Kraj pochodzenia:HiszpaniaKraj pochodzenia zależy od konkretnej partii produktu jaka znajduje się w sklepie. Informację o kraju pochodzenia znajdziesz na opakowaniu. Możesz również dodać komentarz z preferowanym typem produktu w koszyku lub wiadomości dla shoppera (np. “prosze o pomidory polskie”).Producent:Beiersdorf Hamburg, Germany NIVEA Polska Sp. z o.o. ul. Gnieźnieńska 32 61-021 Poznań, Polska www.nivea.pl infolinia konsumencka: 801 888 888Dystrybutor:Beiersdorf Hamburg Germany NIVEA Polska Sp. z o.o. ul. Gnieźnieńska 32 61-021 Poznań Polska www.nivea.pl infolinia konsumencka801 888 888Nazwa wymagana prawnie:Nivea Soft Krem intensywnie nawilżający 300 ml"}], "images": ["data/images/72e219c066d2e355f8e76c4760cf2cfa.jpg"], "absolute_path": "Drogeria/Pielęgnacja twarzy/Kremy/Produkt 5"}
{"name": "Produkt 4", "url": "https://zakupy.biedronka.pl/bielenda-bielenda-super-trio-60plus-ultra-naprawczy-krem-przeciwzmarszczkowy-dzien-noc-50-ml-0000015642.html", "title": "Bielenda Super Trio 60+ Ultra naprawczy krem przeciwzmarszczkowy dzień noc 50 ml", "brand": "Bielenda", "price": "17.99 PLN", "packaging_details": "0.05l- 359,80 zł / l", "description_sections": [{"header": "Opis produktu", "content": "Ultra naprawczy krem przeciwzmarszczkowy dla cery dojrzałej, również wrażliwej 60+ z widocznymi zmarszczkami.Pełen ultra skutecznych składników, ciekłokrystaliczny krem ładnie napina, wzmacnia i rewitalizuje skórę, zmniejsza widoczność zmarszczek i przebarwień, optymalnie nawilża. Poprawia jędrność i elastyczność oraz koloryt cery. Sprawia, że skóra nabiera nowej jakości, wygląda na wypoczętą i młodszą - jest gładsza, jędrniejsza, zregenerowana i dobrze odżywiona.Skuteczność kremu potwierdzona badaniami*Ładnie napina i liftinguje skórę 83 %Wygładza i spłyca zmarszczki 81 %Zmniejsza widoczność przebarwień 74 %Wzmacnia i rewitalizuje cerę 95 %*Test In Vivo przeprowadzony w niezależnym laboratorium badawczym pod nadzorem dermatologów przez okres 4 tygodni.Super Trio1. Liposomalny retinolzamknięty w mikrokapsułkach, które lepiej penetrują w głąb skóry i stopniowo uwalniają swą moc, działając jeszcze długo po aplikacji. Stymuluje syntezę białek podporowych skóry, dzięki czemu w widoczny sposób minimalizuje zmarszczki i redukuje oznaki starzenia. Przyspiesza procesy odnowy naskórka i reguluje procesy złuszczania. Ma wpływ na mniejszą widoczność przebarwień i plam pigmentacyjnych.2. Ultra stabilna witamina Cto jeden z najsilniejszych antyoksydantów. Stymuluje syntezę kolagenu, dzięki czemu skóra staje się bardziej jędrna, o ujednoliconym kolorycie i wygląda młodziej. Zmniejsza widoczność przebarwień, dodaje cerze blasku.3. Biomimetyczny kolagento fundament, rusztowanie skóry, odpowiadające za jej gęstość i strukturę. Wzmacnia włókna kolagenowe osłabione procesem starzenia, dzięki czemu poprawia sprężystość i napięcie skóry. Poprawia mikrorzeźbę naskórka, ma wpływ na wygładzenie zmarszczek i opóźnienie procesów wiotczenia.Super TrioNowa jakość cery dojrzałejUltra skuteczna linia kosmetyków przeciwzmarszczkowych do cery dojrzałej, zawierająca mix najmocniejszych składników aktywnych w walce ze zmarszczkami, utratą jędrności i elastyczności, wiotczeniem skóry i przebarwieniami. Połączenie trzech mega skutecznych składników o udowodnionym działaniu: retionolu, witaminy C oraz kolagenu, zatopionych w zaawansowanych technologicznie ciekłokrystalicznych formułach, tworzy Super Trio, które jest w stanie maksymalnie zredukować widoczne na skórze oznaki upływającego czasu.Technologia ciekłokrystalicznapolega na tworzeniu w kremach ciekłych kryształów o strukturze podobnej do ciekłokrystalicznego cementu międzykomórkowego występującego naturalnie w skórze. Dlatego kremy na bazie ciekłokrystalicznej to kremy idealne, biozgodne z naturalną budową skóry. Ich struktura jest fizjologicznie zgodna ze strukturą skóry, dzięki czemu składniki aktywne mają ułatwioną penetrację w jej głąb i są natychmiast przez nią absorbowane, co czyni pielęgnację znacznie skuteczniejszą.Subrand:Super Trio"}, {"header": "Składniki i alergeny", "content": "Składniki:Aqua (Water),Triethylhexanoin,Ethylhexyl Stearate,Orbignya Oleifera (Babassu) Seed Oil,Glyceryl Stearate,Cetearyl Olivate,Cetearyl Alcohol,Tocopheryl Acetate,Sorbitan Olivate,Propanediol,Glycerin,Retinol,Ascorbyl Tetraisopalmitate,3-O-Ethyl Ascorbic Acid,Hydrolyzed Collagen,Xanthan Gum,Tocopherol,Beta-Sitosterol,Squalene,Ascorbyl Palmitate,Glycine Soja (Soybean) Oil,Polysorbate 60,Polysorbate 20,Disodium EDTA,Ethylhexylglycerin,BHT,Phenoxyethanol,Methylparaben,Parfum (Fragrance),Benzyl Salicylate,Hexyl Cinnamal,Hydroxycitronellal,Limonene,Linalool"}, {"header": "Przechowywanie i sposób przygotowania", "content": "Sposób podania:Stosowanie: codziennie rano i wieczorem wmasuj krem w oczyszczoną skórę twarzy, szyi i dekoltu."}, {"header": "Pozostałe informacje", "content": "Kraj pochodzenia:PolskaKraj pochodzenia zależy od konkretnej partii produktu jaka znajduje się w sklepie. Informację o kraju pochodzenia znajdziesz na opakowaniu. Możesz również dodać komentarz z preferowanym typem produktu w koszyku lub wiadomości dla shoppera (np. “prosze o pomidory polskie”).Producent:Bielenda Kosmetyki Naturalne Sp. z o.o.\n31-553 Kraków,\nul. Fabryczna 20\nwww.bielenda.plDystrybutor:Bielenda Kosmetyki Naturalne Sp. z o.o.31-553 Kraków ul. Fa bryczna 20Nazwa wymagana prawnie:Bielenda Super Trio 60+ Ultra naprawczy krem przeciwzmarszczkowy dzień noc 50 ml"}], "images": ["data/images/55d5b76ba84e1dae25620636f30337f5.jpg", "data/images/ccc0597c551552ff4b0209852572ffd1.jpg"], "absolute_path": "Drogeria/Pielęgnacja twarzy/Kremy/Produkt 4"}
{"name": "Produkt 2", "url": "https://zakupy.biedronka.pl/nivea-nivea-pielegnujacy-tonik-dla-cery-suchej-i-wrazliwej-200-ml-0000007425.html", "title": "Nivea Pielęgnujący tonik dla cery suchej i wrażliwej 200 ml", "brand": "Nivea", "price": "17.99 PLN", "packaging_details": "0.2l- 89,95 zł / l", "description_sections": [{"header": "Opis produktu", "content": "NIVEA® Tonik łagodzący do cery suchej i wrażliwej z naturalnym olejkiem migdałowym głęboko tonizuje, oczyszcza skórę oraz usuwa resztki zanieczyszczeń, pozostawiając skórę orzeźwioną i gładką. Produkt został wzbogacony o olejek migdałowy, który dba o optymalne nawilżenie skóry, nie powodując jej przesuszania się. Działa w równowadze z mikrobiomem Twojej skóry. Po oczyszczeniu tonikiem odświeżającym, skóra jest przygotowana do aplikacji kremu na dzień lub na noc. W efekcie cera wygląda na zdrową, piękną i zadbaną. Oczyszczanie twarzy jest ważnym elementem codziennej rutyny pielęgnacyjnej, dlatego po użyciu toniku do twarzy, zaaplikuj odpowiedni dla cery suchej i wrażliwej krem na dzień lub na noc. Zaufaj najwyższej jakości kosmetyków marki NIVEA."}, {"header": "Przechowywanie i sposób przygotowania", "content": "Sposób podania:Delikatnie wmasuj w skórę twarzy, szyi i dekoltu za pomocą wacika, omijając okolice oczu."}, {"header": "Pozostałe informacje", "content": "Kraj pochodzenia:NiemcyKraj pochodzenia zależy od konkretnej partii produktu jaka znajduje się w sklepie. Informację o kraju pochodzenia znajdziesz na opakowaniu. Możesz również dodać komentarz z preferowanym typem produktu w koszyku lub wiadomości dla shoppera (np. “prosze o pomidory polskie”).Nazwa wymagana prawnie:Nivea Pielęgnujący tonik dla cery suchej i wrażliwej 200 ml"}], "images": ["data/images/14c7a47b3b604b251aae2737149b7e51.jpg"], "absolute_path": "Drogeria/Pielęgnacja twarzy/Oczyszczanie twarzy/Produkt 2"}
{"name": "Produkt 4", "url": "https://zakupy.biedronka.pl/timotei-timotei-szampon-do-wlosow-moc-i-blask-400-ml-0001146874.html", "title": "Timotei Szampon do włosów Moc i Blask 400 ml", "brand": "Timotei", "price": "11.99 PLN", "packaging_details": "0.4l- 29,98 zł / l", "description_sections": [{"header": "Opis produktu", "content": "Szampon Timotei Moc i Blask to produkt do mycia i pielęgnacji włosów matowych, które w wyniku szkodliwego działania różnych czynników utraciły swój naturalny blask. Formuła szamponu została wzbogacona w 100% naturalnym wyciągiem z alpejskich ziół, dzięki któremu Timotei nie tylko skutecznie oczyszcza włosy i skórę głowy, ale również działa odżywczo na matowe kosmyki. Szampon pomaga wydobyć naturalny blask Twoich włosów, a także sprawia, że stają się silniejsze i bardziej odporne na łamanie."}, {"header": "Składniki i alergeny", "content": "Składniki:Aqua, Sodium Laureth Sulfate, Cocamidopropyl Betaine, Sodium Chloride, Artemisia Dracunculus Leaf/Stem Extract, Salvia Officinalis Leaf Extract, Thymus Vulgaris Flower/Leaf Extract, Parfum, Glycerin, Sodium Benzoate, Citric Acid, Polyquaternium-10, Disodium EDTA, PPG-6, Sodium Hydroxide, Benzyl Alcohol, Benzyl Salicylate, Citronellol, Hexyl Cinnamal, Limonene, Linalool, CI 42051, CI 47005."}, {"header": "Pozostałe informacje", "content": "Kraj pochodzenia:TurcjaKraj pochodzenia zależy od konkretnej partii produktu jaka znajduje się w sklepie. Informację o kraju pochodzenia znajdziesz na opakowaniu. Możesz również dodać komentarz z preferowanym typem produktu w koszyku lub wiadomości dla shoppera (np. “prosze o pomidory polskie”).Dystrybutor:Jeronimo Martins Polska S.A.Żniwna 5 62-025 Kostrzyn PLImporter:Jeronimo Martins Polska S.A.Żniwna 5 62-025 Kostrzyn PLNazwa wymagana prawnie:Szampon do włosów."}], "images": ["data/images/0de483966f97608c74276884f0e96570.jpg"], "absolute_path": "Drogeria/Pielęgnacja włosów/Szampony/Produkt 4"}
{"name": "Produkt 3", "url": "https://zakupy.biedronka.pl/lor%C3%A9al-paris-lor%C3%A9al-paris-elseve-total-repair-5-szampon-regenerujacy-do-wlosow-zniszczonych-400-ml-0000018977.html", "title": "L'Oréal Paris Elseve Total Repair 5 Szampon Regenerujący do włosów zniszczonych 400 ml", "brand": "L'Oréal Paris", "price": "21.99 PLN", "packaging_details": "0.4l- 54,98 zł / l", "description_sections": [{"header": "Opis produktu", "content": "Wraz z upływem czasu i pod wpływem szkodliwych czynników zewnętrznych naturalna bariera ochronna włosa ulega uszkodzeniu, a na jej powierzchni mogą pojawić się mikroubytki. Włosy stają się cieńsze, słabsze, a w konsekwencji pozbawione życia, szorstkie i matowe. Szampon Elseve Total Repair 5 wzbogacony w 2% kompleks odbudowujący KERATIN XS intensywnie regeneruje włosy i zapewnia 5 rezultatów dla zniszczonych włosów: odporność, witalność, połysk, jedwabistość i miękkość. Nowa butelka wykonana jest w 100% z plastiku pochodzącego z recyklingu* oraz w pełni nadaje się do ponownego przetworzenia. *Z wyjątkiem nakrętki i barwników."}, {"header": "Składniki i alergeny", "content": "Składniki:1247277 G - INGREDIENTS: AQUA / WATER • SODIUM LAURETH SULFATE • GLYCOL DISTEARATE • SODIUM CHLORIDE • COCAMIDOPROPYL BETAINE • DIMETHICONE • PARFUM / FRAGRANCE • GUAR HYDROXYPROPYLTRIMONIUM CHLORIDE • COCAMIDE MEA • COCO-BETAINE • SODIUM BENZOATE • SODIUM HYDROXIDE • HYDROXYCITRONELLAL • SODIUM LACTATE • STEARETH-6 • PHENOXYETHANOL • ACETIC ACID • PEG-100 STEARATE • TRIDECETH-10 • TRIDECETH-3 • SALICYLIC ACID • POLYSORBATE 20 • PALMITOYL TRIPEPTIDE-1 • PALMITOYL TETRAPEPTIDE-7 • LIMONENE • FUMARIC ACID • LINALOOL • AMODIMETHICONE • 2-OLEAMIDO-1,3-OCTADECANEDIOL • CARBOMER • CITRIC ACID • BUTYLENE GLYCOL • HEXYLENE GLYCOL • HEXYL CINNAMAL • GLYCERIN (F.I.L. Z70045904/1)."}, {"header": "Pozostałe informacje", "content": "Kraj pochodzenia:FrancjaKraj pochodzenia zależy od konkretnej partii produktu jaka znajduje się w sklepie. Informację o kraju pochodzenia znajdziesz na opakowaniu. Możesz również dodać komentarz z preferowanym typem produktu w koszyku lub wiadomości dla shoppera (np. “prosze o pomidory polskie”).Importer:L'Oréal Polska Sp. z o.oul. Grzybowska 62 00-844 Warszawa PLserwis.konsumencki@loreal.comNazwa wymagana prawnie:L'Oréal Paris Elseve Total Repair 5 Szampon Regenerujący do włosów zniszczonych 400 ml"}], "images": ["data/images/a2d50bbbd86bb3d63a00c6f5430a5f6b.jpg"], "absolute_path": "Drogeria/Pielęgnacja włosów/Szampony/Produkt 3"}
{"name": "Produkt 1", "url": "https://zakupy.biedronka.pl/bioelixire-bioelixire-szampon-z-czarnuszka-do-wlosow-slabych-i-wypadajacych-300-ml-0000009149.html", "title": "Bioelixire Szampon z czarnuszką do włosów słabych i wypadających 300 ml", "brand": "Bioelixire", "price": "19.99 PLN", "packaging_details": "0.3l- 66,63 zł / l", "description_sections": [{"header": "Opis produktu", "content": "Szampon do włosów delikatnych, słabych i zniszczonych. Szampon Bioelixire zawiera olejek z czarnuszki. Ten drogocenny składnik zawiera witaminy takie jak A, E, F, B1, B3, B6 oraz biotynę. Olejek posiada właściwości antybakteryjne, antywirusowe i  antygrzybiczne. Szampon stworzony został z myślą o mocnych i zdrowych włosach. Regeneruje uszkodzenia, wzmacniając cebulki, a tym samym stymuluje porost nowych włosów. Szampon nie zawiera SLS. Formuła została wzbogacona o bioferment postbiotyczny na bazie skrzypu polnego, rdestu ptasiego i aloesu, który wspiera zachowanie prawidłowej równowagi mikrobiomu skóry głowy."}, {"header": "Składniki i alergeny", "content": "Składniki:Aqua (Water), Disodium Laureth Sulfosuccinate, Cocamidopropyl Betaine, Sodium Cocoamphoacetate, PEG-7 Glyceryl Cocoate, Cocoglucoside, Acrylates Copolymer, Glycol Distearate, Lactobacillus / Streptococcus Thermophilus / Yarrowia / Equisetum Arvense Leaf / Aloe Barbadensis Leaf Juice / Polygonum Aviculare / Ferment Filtrate, Nigella Sativa Seed Oil, Opuntia Ficus-Indica Seed Oil, Panthenol, Hydrolyzed Silk, Caffeine, Malus Domestica Fruit Cell Culture Extract, Panax Ginseng Root Extract, Parfum (Fragrance), Dimethicone PEG-8 Meadowfoamate, Xanthan Gum, Citric Acid, Guar Hydroxypropyltrimonium Chloride, Polyquaternium-16, Glycerin, Triethylene Glycol, Benzyl Alcohol, Propylene Glycol, Methylchloroisothiazolinone Methylisothiazolinone, Magnesium Chloride, Magnesium Nitrate, Phenoxyethanol, Tetrasodium Glutamate Diacetate, Ethylhexylglycerin, Lecithin, Sodium Benzoate, Potassium Sorbate."}, {"header": "Pozostałe informacje", "content": "Kraj pochodzenia:WłochyKraj pochodzenia zależy od konkretnej partii produktu jaka znajduje się w sklepie. Informację o kraju pochodzenia znajdziesz na opakowaniu. Możesz również dodać komentarz z preferowanym typem produktu w koszyku lub wiadomości dla shoppera (np. “prosze o pomidory polskie”).Producent:Farouk Systems PolskaWejherowska 24 60-446 Poznań PLNazwa wymagana prawnie:Bioelixire szampon z czarnuszką do włosów słabych i wypadających 300 ml"}], "images": ["data/images/1668625af6aab2e5089daad2995eca73.jpg"], "absolute_path": "Drogeria/Pielęgnacja włosów/Szampony/Produkt 1"}
{"name": "Produkt 5", "url": "https://zakupy.biedronka.pl/schauma-schauma-men-anti-dandruff-intensive-szampon-regulujacy-z-imbirem-400-ml-0000003972.html", "title": "Schauma Men Anti-Dandruff Intensive Szampon regulujący z imbirem 400 ml", "brand": "Schauma", "price": "13.99 PLN", "packaging_details": "0.4l- 34,98 zł / l", "description_sections": [{"header": "Opis produktu", "content": "Schauma Anti-Dandruff Intense szampon regulujący z imbirem, do włosów z nadmiernym łupieżem oraz normalnej i ze skłonnością do swędzenia skóry głowy. Dla czystych i aż do 100 % wolnych od łupieżu włosów*. Działa już po pierwszym użyciu. Formuła zatwierdzona dermatologicznie i przyjazna dla skóry głowy.*Brak oznak widocznego łupieżu przy regularnym stosowaniu.Schauma Men szampon Anti-Dandruff Intense 400 mlSzampon regulujący z imbirem do włosów z nadmiernym łupieżem oraz normalnej i ze skłonnością do swędzenia skóry głowy. Zapewnia czyste i do 100 % wolne od łupieżu włosy*. Działa już po pierwszym użyciu. Regularne stosowanie szamponu wspomaga przeciwdziałanie powstawania nowego łupieżu.Formuła z ekstraktem z imbiru pomaga nawet przy nadmiernym łupieżu i pielęgnuje swędzącą skórę głowy. Zawiera aktywny składnik przeciwłupieżowy pirokton olaminy. Formuła szamponu jest zatwierdzona dermatologicznie i przyjazna dla skóry głowy.Butelka szamponu wykonana jest w 50 % z plastiku pochodzącego z recyklingu**.Jak stosować: Delikatnie wmasuj szampon w mokre włosy. Pozostaw na krótko przed dokładnym spłukaniem. Zakręć wodę podczas stosowania, aby oszczędzać wodę.- Regulujący szampon przeciwłupieżowy z imbirem- Do włosów z nadmiernym łupieżem i normalną lub swędzącą skórą głowy- Zapewnia czyste i do 100 % wolne od łupieżu włosy*- Chroni przed powstawaniem nowego łupieżu*- Działa już po pierwszym użyciu- Zwalcza nawet nadmierny łupież i koi skórę głowy- Formuła zatwierdzona dermatologicznie i przyjazna dla skóry głowy- Wegańska formuła**** Brak oznak widocznego łupieżu przy regularnym stosowaniu**Z wyjątkiem nakrętki i etykiety*** Nie zawiera składników pochodzenia zwierzęcegoSubrand:Men"}, {"header": "Składniki i alergeny", "content": "Składniki:Aqua (Water, Eau),Sodium Laureth Sulfate,Sodium Chloride,Cocamidopropyl Betaine,Piroctone Olamine,Zingiber Officinale (Ginger) Root Extract,Coco-Glucoside,Glyceryl Oleate,Glycol Distearate,Hydroxypropyl Guar Hydroxypropyltrimonium Chloride,Laureth-4,Propylene Glycol,Sodium Hydroxide,Citric Acid,Parfum (Fragrance),Sodium Benzoate,Potassium Sorbate"}, {"header": "Pozostałe informacje", "content": "Nazwa wymagana prawnie:Schauma Men Anti-Dandruff Intensive Szampon regulujący z imbirem 400 ml"}], "images": ["data/images/c06abc4142f8dd3155a78639465b01cd.jpg"], "absolute_path": "Drogeria/Pielęgnacja włosów/Szampony/Produkt 5"}
{"name": "Produkt 2", "url": "https://zakupy.biedronka.pl/timotei-timotei-szampon-gleboko-oczyszczajacy-400-ml-0000017881.html", "title": "Timotei Szampon Głęboko Oczyszczający 400 ml", "brand": "Timotei", "price": "11.99 PLN", "packaging_details": "0.4l- 29,98 zł / l", "description_sections": [{"header": "Opis produktu", "content": "Głęboko oczyszczający szampon do włosów Timotei to sposób na uzyskanie ekstra świeżych i idealnie czystych włosów. Formuła produktu stworzona z myślą o włosach cienkich i przetłuszczających się, została wzbogacona ekstraktem z ogórka, który słynie ze swoich odświeżających właściwości. Dzięki starannie opracowanemu składowi, szampon Timotei głęboko oczyszcza włosy i skórę głowy, by pozostawiać je odświeżone i zdrowo wyglądające."}, {"header": "Składniki i alergeny", "content": "Składniki:Aqua, Sodium Laureth Sulfate, Cocamidopropyl Betaine, Sodium Chloride, Caprylyl Glycol, Citric Acid, Cucumis Sativus Fruit Extract, Dimethiconol, Dimethiconol/Silsesquioxane Copolymer, Disodium EDTA, Glycerin, Guar Hydroxypropyltrimonium Chloride, Laureth-23, Parfum, Phenoxyethanol, PPG-9, Propanediol, Selaginella Lepidophylla Extract, Sodium Benzoate, Sodium Hydroxide, TEA-Dodecylbenzenesulfonate, Benzyl Alcohol, Benzyl Salicylate, Butyphenyl Methylpropional, Citronellol, Hexyl Cinnamal, Limonene, Linalool, Cl 42090, Cl 47005"}, {"header": "Pozostałe informacje", "content": "Kraj pochodzenia:TurcjaKraj pochodzenia zależy od konkretnej partii produktu jaka znajduje się w sklepie. Informację o kraju pochodzenia znajdziesz na opakowaniu. Możesz również dodać komentarz z preferowanym typem produktu w koszyku lub wiadomości dla shoppera (np. “prosze o pomidory polskie”).Producent:UnileverAl. Jerozolimskie 134 02-305 Warszawa PLinfolinia.pl@unilever.comDystrybutor:Unilever Polska Sp. z o.o.Al. Jerozolimskie 134 02-305 Warszawainfolinia.pl@unilever.comNazwa wymagana prawnie:Szampon z odżywką"}], "images": ["data/images/4a4f5b3f112aac06c5050e9ff4d1b324.jpg", "data/images/e8e589d43994bee7a8c91bc1be8b7f0e.jpg"], "absolute_path": "Drogeria/Pielęgnacja włosów/Szampony/Produkt 2"}
{"name": "Produkt 6", "url": "https://zakupy.biedronka.pl/schauma-schauma-men-for-men-szampon-do-wlosow-dla-mezczyzn-do-codziennego-stosowania-400-ml-0000003968.html", "title": "Schauma Men For Men Szampon do włosów dla mężczyzn do codziennego stosowania 400 ml", "brand": "Schauma", "price": "13.99 PLN", "packaging_details": "0.4l- 34,98 zł / l", "description_sections": [{"header": "Opis produktu", "content": "Czas na Schaumę!Szampon do włosów Schwarzkopf Schauma For Men z ekstraktem z chmielu wzmacnia włosy od nasady aż po same końce, pielęgnując strukturę włosów i dbając o ich naturalną objętość. Ulepszona formuła otuli Twoje włosy gęstą pianą i wydobędzie z nich to co najlepsze!- Rozkoszuj się ulepszoną formułą z otulającą Twoje włosy gęstą pianą!- Formuła z chmielem wzmacnia włosy i dodaje objętości.- Dla silnych i mocnych włosów.- Do codziennego stosowania- Formuła wegańska - bez składników pochodzenia zwierzęcego.- Składniki pochodzenia naturalnego, do 95 % biodegradowalne.- Korpus butelki wykonany w 50 % z tworzyw sztucznych pochodzących z recyklingu.- Zakrętka wykonana w 25 % z tworzyw sztucznych pochodzących z recyklingu.Segreguj: Zużyte opakowanie wyrzuć do żółtego pojemnika na odpady plastikowe.Schauma oferuje wysokiej jakości pielęgnację dla wszystkich typów włosów i członków rodziny - nawet tych najmłodszych. Nasze pielęgnujące wegańskie formuły z naturalnych składników opracowane zostały w ramach zaufanej marki rodzinnej z ponad 80-letnim doświadczeniem.Teraz w bardziej nowoczesnych i zrównoważonych opakowaniach!Schauma- Pielęgnuje codzienne chwile!Rodzinna Marka Roku 2022!Subrand:Men"}, {"header": "Składniki i alergeny", "content": "Składniki:Aqua (Water, Eau),Sodium Laureth Sulfate,Sodium Chloride,Cocamidopropyl Betaine,Humulus Lupulus (Hops) Cone Extract,Sodium Benzoate,Coco-Glucoside,Glyceryl Oleate,Citric Acid,Parfum (Fragrance),Glycol Distearate,Laureth-4,PEG-7 Glyceryl Cocoate,Hydrogenated Castor Oil,Hydroxypropyl Guar Hydroxypropyltrimonium Chloride,Propylene Glycol,Ethoxydiglycol,Hexyl Cinnamal,Linalool,Limonene,Sodium Hydroxide,Benzyl Alcohol,Potassium Sorbate"}, {"header": "Pozostałe informacje", "content": "Nazwa wymagana prawnie:Schauma Men For Men Szampon do włosów dla mężczyzn do codziennego stosowania 400 ml"}], "images": ["data/images/17fd5ebd3287d3eb08c6b6af3c0492bc.jpg"], "absolute_path": "Drogeria/Pielęgnacja włosów/Szampony/Produkt 6"}
{"name": "Produkt 8", "url": "https://zakupy.biedronka.pl/timotei-timotei-szampon-gleboko-oczyszczajacy-400-ml-0001146886.html", "title": "Timotei Szampon Głęboko Oczyszczający 400 ml", "brand": "Timotei", "price": "11.99 PLN", "packaging_details": "0.4l- 29,98 zł / l", "description_sections": [{"header": "Opis produktu", "content": "Głęboko oczyszczający szampon do włosów Timotei to sposób na uzyskanie ekstra świeżych i idealnie czystych włosów. Formuła produktu stworzona z myślą o włosach cienkich i przetłuszczających się, została wzbogacona ekstraktem z ogórka, który słynie ze swoich odświeżających właściwości. Dzięki starannie opracowanemu składowi, szampon Timotei głęboko oczyszcza włosy i skórę głowy, by pozostawiać je odświeżone i zdrowo wyglądające."}, {"header": "Składniki i alergeny", "content": "Składniki:Aqua, Sodium Laureth Sulfate, Cocamidopropyl Betaine, Sodium Chloride, Caprylyl Glycol, Citric Acid, Cucumis Sativus Fruit Extract, Dimethiconol, Dimethiconol/Silsesquioxane Copolymer, Disodium EDTA, Glycerin, Guar Hydroxypropyltrimonium Chloride, Laureth-23, Parfum, Phenoxyethanol, PPG-9, Propanediol, Selaginella Lepidophylla Extract, Sodium Benzoate, Sodium Hydroxide, TEA-Dodecylbenzenesulfonate, Benzyl Alcohol, Benzyl Salicylate, Butyphenyl Methylpropional, Citronellol, Hexyl Cinnamal, Limonene, Linalool, Cl 42090, Cl 47005"}, {"header": "Pozostałe informacje", "content": "Kraj pochodzenia:TurcjaKraj pochodzenia zależy od konkretnej partii produktu jaka znajduje się w sklepie. Informację o kraju pochodzenia znajdziesz na opakowaniu. Możesz również dodać komentarz z preferowanym typem produktu w koszyku lub wiadomości dla shoppera (np. “prosze o pomidory polskie”).Dystrybutor:Jeronimo Martins Polska S.A.Żniwna 5 62-025 Kostrzyn PLImporter:Jeronimo Martins Polska S.A.Żniwna 5 62-025 Kostrzyn PLNazwa wymagana prawnie:Szampon z odżywką"}], "images": ["data/images/a3cc5d3c0d283810100ba457bed9fc7b.jpg"], "absolute_path": "Drogeria/Pielęgnacja włosów/Szampony/Produkt 8"}
{"name": "Produkt 9", "url": "https://zakupy.biedronka.pl/dove-dove-szampon-do-wlosow-zniszczonych-400-ml-0000014171.html", "title": "Dove Szampon do włosów zniszczonych 400 ml", "brand": "Dove", "price": "17.99 PLN", "packaging_details": "0.4l- 44,98 zł / l", "description_sections": [{"header": "Opis produktu", "content": "Szampon Dove Intensive Repair jest częścią linii Dove Damage Solutions.Zawiera technologię Keratin Repair Actives, która pomaga odbudować proteiny na poziomie komórkowym włosów. Pomaga wzmacniać* włosy, dzięki czemu możesz cieszyć się idealnie miękkimi i lśniącymi włosami."}, {"header": "Składniki i alergeny", "content": "Składniki:Aqua,Sodium Laureth Sulfate,Cocamidopropyl Betaine,Glycerin,Carbomer,Citric Acid,Cocamide MEA,Dimethiconol,Disodium EDTA,Gluconolactone,Glycol Distearate,Guar Hydroxypropyltrimonium Chloride,Mica,Parfum,PEG-45M,Phenoxyethanol,PPG-6,Silica,Sodium Benzoate,Sodium Chloride,Sodium Lauryl Sulfate,Sodium Sulfate,Styrene/Acrylates Copolymer,TEA-Dodecylbenzenesulfonate,TEA-Sulfate,Trehalose,Benzyl Alcohol,Butylphenyl Methylpropional,Citronellol,Hexyl Cinnamal,Limonene,Linalool,CI 77891"}, {"header": "Pozostałe informacje", "content": "Kraj pochodzenia:PolskaKraj pochodzenia zależy od konkretnej partii produktu jaka znajduje się w sklepie. Informację o kraju pochodzenia znajdziesz na opakowaniu. Możesz również dodać komentarz z preferowanym typem produktu w koszyku lub wiadomości dla shoppera (np. “prosze o pomidory polskie”).Producent:Unilever RA;\n455;\n3013 AL;\nNL\nwww.unilever.com\n801 610 610Importer:Unilever Polska Sp. z o.o.Al. Jerozolimskie 134 02-305 Warszawa PLinfolinia.pl@unilever.comNazwa wymagana prawnie:Szampon"}], "images": ["data/images/33b65e1f1312db6324ba57d9d0cd3edc.jpg"], "absolute_path": "Drogeria/Pielęgnacja włosów/Szampony/Produkt 9"}
{"name": "Produkt 10", "url": "https://zakupy.biedronka.pl/timotei-timotei-szampon-do-wlosow-moc-i-blask-400-ml-0000017885.html", "title": "Timotei Szampon do włosów Moc i Blask 400 ml", "brand": "Timotei", "price": "11.99 PLN", "packaging_details": "0.4l- 29,98 zł / l", "description_sections": [{"header": "Opis produktu", "content": "Szampon Timotei Moc i Blask to produkt do mycia i pielęgnacji włosów matowych, które w wyniku szkodliwego działania różnych czynników utraciły swój naturalny blask. Formuła szamponu została wzbogacona w 100% naturalnym wyciągiem z alpejskich ziół, dzięki któremu Timotei nie tylko skutecznie oczyszcza włosy i skórę głowy, ale również działa odżywczo na matowe kosmyki. Szampon pomaga wydobyć naturalny blask Twoich włosów, a także sprawia, że stają się silniejsze i bardziej odporne na łamanie."}, {"header": "Składniki i alergeny", "content": "Składniki:Aqua, Sodium Laureth Sulfate, Cocamidopropyl Betaine, Sodium Chloride, Artemisia Dracunculus Leaf/Stem Extract, Salvia Officinalis Leaf Extract, Thymus Vulgaris Flower/Leaf Extract, Parfum, Glycerin, Sodium Benzoate, Citric Acid, Polyquaternium-10, Disodium EDTA, PPG-6, Sodium Hydroxide, Benzyl Alcohol, Benzyl Salicylate, Citronellol, Hexyl Cinnamal, Limonene, Linalool, CI 42051, CI 47005."}, {"header": "Pozostałe informacje", "content": "Kraj pochodzenia:TurcjaKraj pochodzenia zależy od konkretnej partii produktu jaka znajduje się w sklepie. Informację o kraju pochodzenia znajdziesz na opakowaniu. Możesz również dodać komentarz z preferowanym typem produktu w koszyku lub wiadomości dla shoppera (np. “prosze o pomidory polskie”).Producent:UnileverAl. Jerozolimskie 134 02-305 Warszawa PLinfolinia.pl@unilever.comDystrybutor:Unilever Polska Sp. z o.o.Al. Jerozolimskie 134 02-305 Warszawainfolinia.pl@unilever.comNazwa wymagana prawnie:Szampon do włosów."}], "images": ["data/images/ffc254a84789ff721fb762fef301b299.jpg", "data/images/7a0263aeb054f6d3aba54ed7f3903ba6.jpg"], "absolute_path": "Drogeria/Pielęgnacja włosów/Szampony/Produkt 10"}
{"name": "Produkt 7", "url": "https://zakupy.biedronka.pl/timotei-timotei-szampon-do-wlosow-intensywna-pielegnacja-400-ml-0000017884.html", "title": "Timotei Szampon do włosów Intensywna Pielęgnacja 400 ml", "brand": "Timotei", "price": "11.99 PLN", "packaging_details": "0.4l- 29,98 zł / l", "description_sections": [{"header": "Opis produktu", "content": "Szampon z odżywką 2w1 Timotei Intensywna Pielęgnacja to formuła, która została stworzona z myślą o włosach suchych i potrzebujących intensywnego nawilżenia. Mając na uwadze konieczność ich starannej pielęgnacji, szampon Timotei wzbogacono w 100% naturalnym olejem kokosowym. To właśnie dzięki jego zastosowaniu, formuła szamponu delikatnie oczyszcza włosy, zapewniając jednocześnie suchym kosmykom odpowiednie odżywienie. Połączenie działania szamponu z właściwościami odżywki sprawia, że Timotei Intensywna Pielęgnacja korzystnie wpływa na kondycję przesuszonych pasm, pozostawiając je bardziej nawilżone i gładkie w dotyku."}, {"header": "Składniki i alergeny", "content": "Składniki:Aqua, Sodium Laureth Sulfate, Sodium Chloride, Cocamidopropyl Betaine, Dimethiconol, Sodium Benzoate, Glycol Distearate, Citric Acid, Parfum, Carbomer, TEA-Dodecylbenzenesulfonate, Guar Hydroxypropyltrimonium Chloride, TEA-Sulfate, Cocamide MEA, Disodium EDTA, PEG-45M, Phenoxyethanol, Cocos Nucifera Oil, Glycerin, Sodium Hydroxide, PPG-6, Benzyl Alcohol, Coumarin, Linalool. Benzyl Alcohol, Coumarin, Linalool"}, {"header": "Pozostałe informacje", "content": "Kraj pochodzenia:TurcjaKraj pochodzenia zależy od konkretnej partii produktu jaka znajduje się w sklepie. Informację o kraju pochodzenia znajdziesz na opakowaniu. Możesz również dodać komentarz z preferowanym typem produktu w koszyku lub wiadomości dla shoppera (np. “prosze o pomidory polskie”).Producent:UnileverDystrybutor:Unilever Polska Sp. z o.o.Al. Jerozolimskie 134 02-305 Warszawainfolinia.pl@unilever.comImporter:Unilever Polska Sp. z o.o.Al. Jerozolimskie 134 02-305 Warszawa PLinfolinia.pl@unilever.comNazwa wymagana prawnie:Szampon z odżywką"}], "images": ["data/images/6ecffa9c96900fe16b52912e2fb6c42d.jpg", "data/images/618ff9347d07ad039fb01a91c468bd95.jpg"], "absolute_path": "Drogeria/Pielęgnacja włosów/Szampony/Produkt 7"}
{"name": "Produkt 2", "url": "https://zakupy.biedronka.pl/taft-taft-lakier-do-wlosow-volume-250-ml-0000008299.html", "title": "Taft Lakier do włosów Volume 250 ml", "brand": "Taft", "price": "21.99 PLN", "packaging_details": "0.25l- 87,96 zł / l", "description_sections": [{"header": "Opis produktu", "content": "Schwarzkopf Taft Volume lakier do włosów 250 ml - do włosów delikatnychInnowacyjna formuła Schwarzkopf Taft Volume dodaje objętości i zachowuje naturalny ruch włosów. Jest odpowiedni do włosów delikatnych.  Zapewnia długotrwałe utrwalenie bez efektu sklejonych włosów, a jednocześnie łatwo się wyczesuje. Pomaga chronić włosy przed uczuciem suchości i zapewnia mocne utrwalenie stylizacji nawet w trudnych warunkach pogodowych, takich jak wilgoć i wiatr. Lakier do włosów Schwarzkopf Taft posiada innowacyjny system HAPTIQ, który tworzy mikrowiązania i wzmacnia strukturę włosa.Dla pięknych fryzur, które można zobaczyć i poczuć!Lakiery do włosów Schwarzkopf Taft zawierają wegańskie formuły* i są zatwierdzone przez PETA**. Formuła nie zawiera silikonu.Sposób stosowania: Rozpylać z odległości 30 cm.Zalety produktu:- Objętość i naturalny ruch włosów- Do włosów delikatnych- Poziom utrwalenia: 4- Chroni przed wilgocią i wiatrem- Wegańska formuła*- Zatwierdzony przez PETA*** Nie zawiera składników pochodzenia zwierzęcego**Globalna polityka testów na zwierzętach"}, {"header": "Składniki i alergeny", "content": "Składniki:Dimethyl Ether,Alcohol denat.,Aqua (Water, Eau),Octylacrylamide/Acrylates/Butylaminoethyl Methacrylate Copolymer,Aminomethyl Propanol,Parfum (Fragrance),Panthenol,Bambusa Vulgaris Leaf/Stem Extract,Isopropyl Myristate,Propylene Glycol,Benzoic Acid,Linalool,Benzyl Alcohol,Geraniol,Sorbitol,Benzyl Salicylate,Citronellol,Alpha-Isomethyl Ionone,Limonene,Methyl Benzoate"}, {"header": "Przechowywanie i sposób przygotowania", "content": "Sposób podania:Rozpylaj z odległości 30 cm"}, {"header": "Pozostałe informacje", "content": "Kraj pochodzenia:NiemcyKraj pochodzenia zależy od konkretnej partii produktu jaka znajduje się w sklepie. Informację o kraju pochodzenia znajdziesz na opakowaniu. Możesz również dodać komentarz z preferowanym typem produktu w koszyku lub wiadomości dla shoppera (np. “prosze o pomidory polskie”).Nazwa wymagana prawnie:Taft Volume Lakier do włosów 250 ml"}], "images": ["data/images/46153006493d4e5da35c747b7b117b81.jpg"], "absolute_path": "Drogeria/Pielęgnacja włosów/Do stylizacji/Produkt 2"}
{"name": "Produkt 1", "url": "https://zakupy.biedronka.pl/lor%C3%A9al-paris-lor%C3%A9al-paris-elseve-color-vive-odzywka-ochronna-do-wlosow-farbowanych-200-ml-0000002479.html", "title": "L'Oréal Paris Elseve Color-Vive Odżywka Ochronna do włosów farbowanych 200 ml", "brand": "L'Oréal Paris", "price": "18.49 PLN", "packaging_details": "0.2l- 73,96 zł / l", "description_sections": [{"header": "Opis produktu", "content": "Farbujesz wlosy lub masz pasemka? Nasza odżywka ochronna Color-Vive z ekstraktem z czerwonej piwonii i filtrem UV nawilża i chroni kolor Twoich włosów aż do 10 tygodni*. Skutecznie chroni włosy przed negatywnym działaniem czynników zewnętrznych, wydłuża żywotność koloru i zapewnia miękkość włosów.*Test instrumentalny po użyciu szamponu i odżywki Elseve Color Vive."}, {"header": "Składniki i alergeny", "content": "Składniki:Aqua / Water, Cetearyl Alcohol, Behentrimonium Chloride, Cetyl Esters, Cocos Nucifera Oil / Coconut Oil, Sodium Benzoate, Phenoxyethanol, Paeonia Officinalis Flower Extract, Ethylhexyl Salicylate, Linalool, Amodimethicone, Isopropyl Alcohol, Alpha-Isomethyl Ionone, Geraniol, Citric Acid, Potassium Hydroxide, Citronellol, Cetrimonium Chloride, Potassium Sorbate, Hexyl Cinnamal, Glycerin, Parfum / Fragrance (F.I.L C259456/1)."}, {"header": "Pozostałe informacje", "content": "Kraj pochodzenia:FrancjaKraj pochodzenia zależy od konkretnej partii produktu jaka znajduje się w sklepie. Informację o kraju pochodzenia znajdziesz na opakowaniu. Możesz również dodać komentarz z preferowanym typem produktu w koszyku lub wiadomości dla shoppera (np. “prosze o pomidory polskie”).Producent:L'Oréal Paris\nTSA 75000 \n93584 ST Ouen Cedex \nFR\nwww.lorealparis.pl\nInfolinia 22 33 58 600\nOpłata zgodnie z taryfą operatoraDystrybutor:L'Oréal Polska Sp. z o.oul. Grzybowska 62 00-844 Warszawaiwona.jellinek@loreal.comNazwa wymagana prawnie:L'ORÉAL PARIS Elseve Color-Vive Odżywka Ochronna do włosów farbowanych 200 ml"}], "images": ["data/images/27ccc8a72c21d8b1876c2f26eb4f2d8e.jpg"], "absolute_path": "Drogeria/Pielęgnacja włosów/Odżywki i olejki/Produkt 1"}
{"name": "Produkt 1", "url": "https://zakupy.biedronka.pl/taft-taft-lakier-do-wlosow-power-250-ml-0000008297.html", "title": "Taft Lakier do włosów Power 250 ml", "brand": "Taft", "price": "21.99 PLN", "packaging_details": "0.25l- 87,96 zł / l", "description_sections": [{"header": "Opis produktu", "content": "Schwarzkopf Taft Power lakier do włosów 250 ml - Moc utrwalenia aż do 72h!Innowacyjna formuła Schwarzkopf Taft Power zapewnia mocne utrwalenie aż do 72h oraz wzmocnienie włosów od nasady aż po same końce. Zapewnia długotrwałe utrwalenie bez efektu sklejonych włosów, a jednocześnie łatwo się wyczesuje. Pomaga chronić włosy przed uczuciem suchości i zapewnia mocne utrwalenie stylizacji nawet w trudnych warunkach pogodowych, takich jak wilgoć i wiatr. Lakier do włosów Schwarzkopf Taft posiada innowacyjny system HAPTIQ, który tworzy mikrowiązania i wzmacnia strukturę włosa.Dla pięknych fryzur, które można zobaczyć i poczuć!Lakiery do włosów Schwarzkopf Taft zawierają wegańskie formuły* i są zatwierdzone przez PETA**. Formuła nie zawiera silikonu.Sposób stosowania: Rozpylać z odległości 30 cm.Zalety produktu:- Do 72h trwałości- Do wszystkich rodzajów włosów- Poziom utrwalenia: 5- Chroni przed wilgocią i wiatrem- Wegańska formuła*- Zatwierdzony przez PETA*** Nie zawiera składników pochodzenia zwierzęcego**Globalna polityka testów na zwierzętach"}, {"header": "Składniki i alergeny", "content": "Składniki:Alcohol denat.,Dimethyl Ether,Aqua (Water, Eau),Octylacrylamide/Acrylates/Butylaminoethyl Methacrylate Copolymer,Aminomethyl Propanol,Vinyl Caprolactam/VP/Dimethylaminoethyl Methacrylate Copolymer,Parfum (Fragrance),Isopropyl Myristate,Panthenol,Caffeine,Benzoic Acid,Linalool,Limonene,Benzyl Alcohol"}, {"header": "Przechowywanie i sposób przygotowania", "content": "Sposób podania:Rozpylaj z odległości 30 cm"}, {"header": "Pozostałe informacje", "content": "Kraj pochodzenia:NiemcyKraj pochodzenia zależy od konkretnej partii produktu jaka znajduje się w sklepie. Informację o kraju pochodzenia znajdziesz na opakowaniu. Możesz również dodać komentarz z preferowanym typem produktu w koszyku lub wiadomości dla shoppera (np. “prosze o pomidory polskie”).Nazwa wymagana prawnie:Taft Power Lakier do włosów 250 ml"}], "images": ["data/images/cf5e5e1b9b26ccf1d5dd667b75c99914.jpg"], "absolute_path": "Drogeria/Pielęgnacja włosów/Do stylizacji/Produkt 1"}
{"name": "Produkt 2", "url": "https://zakupy.biedronka.pl/lor%C3%A9al-paris-lor%C3%A9al-paris-elseve-dream-long-odzywka-rozplatujaca-200-ml-0000011418.html", "title": "L'Oréal Paris Elseve Dream Long Odżywka rozplątująca 200 ml", "brand": "L'Oréal Paris", "price": "18.49 PLN", "packaging_details": "0.2l- 73,96 zł / l", "description_sections": [{"header": "Opis produktu", "content": "Sekret spełnionych marzeń długich włosachNasza Odżywka Rozplątująca pomaga błyskawicznie rozczesać włosy: możesz teraz nimi potrząsać, skręcać je, związywać i rozpuszczać, chroniąc je przed łamaniem. Nie pozwól wygrać splątaniu!Formuła została wzbogacona o pielęgnujące składniki:- keratynę roślinna, aby zregenerować włosy na całej długości,- witaminy, aby je wzmocnić**,- olejek rycynowy, aby odżywić włosy, nadać im blask i pozwolić zachować ich długość.**Test instrumentalny po zastosowaniu szamponu i odżywki z tej samej gamy.Subrand:Elseve"}, {"header": "Składniki i alergeny", "content": "Składniki:Aqua / Water,Cetearyl Alcohol,Behentrimonium Chloride,Cetyl Esters,Niacinamide,Ricinus Communis Seed Oil / Castor Seed Oil,Hydroxycitronellal,Hydrolyzed Wheat Protein,Hydrolyzed Corn Protein,Hydrolyzed Soy Protein,Phenoxyethanol,Trideceth-6,Chlorhexidine Digluconate,Limonene,Benzyl Salicylate,Linalool,Benzyl Alcohol,Panthenol,Amodimethicone,Isopropyl Alcohol,Alpha-Isomethyl Ionone,Geraniol,Citric Acid,Cetrimonium Chloride,Citronellol,Coumarin,Hexyl Cinnamal,Parfum / Fragrance"}, {"header": "Przechowywanie i sposób przygotowania", "content": "Sposób podania:Ekspercka wskazówka dla długich włosówNakładaj odżywkę jedynie na długości włosów, aby uniknąć przetłuszczania skóry głowy, a następnie spłucz.Więcej wskazówek dla długich włosów znajdziesz na www.lorealparis.plW przypadku dostania się preparatu do oczu natychmiast przepłukać je wodą."}, {"header": "Pozostałe informacje", "content": "Producent:L'Oreal Paris\n14, rue Royale\n75008 Paris\nFrance\nwww.lorealparis.pl\nInfolinia 22 33 58 600\nOpłata zgodnie z taryfa operatoraDystrybutor:L'Oreal Paris14 rue Royale 75008 ParisNazwa wymagana prawnie:L'Oréal Paris Elseve Dream Long Odżywka rozplątująca 200 ml"}], "images": ["data/images/fc60d2e638016ea6f6f856d2206585ed.jpg"], "absolute_path": "Drogeria/Pielęgnacja włosów/Odżywki i olejki/Produkt 2"}
{"name": "Produkt 3", "url": "https://zakupy.biedronka.pl/lor%C3%A9al-paris-lor%C3%A9al-paris-elseve-hyaluron-plump-odzywka-nawilzajaco-scalajaca-200-ml-0000002478.html", "title": "L'Oréal Paris Elseve Hyaluron Plump Odżywka Nawilżająco-scalająca 200 ml", "brand": "L'Oréal Paris", "price": "18.49 PLN", "packaging_details": "0.2l- 73,96 zł / l", "description_sections": [{"header": "Opis produktu", "content": "Czy Twoje włosy są odwodnione? To oznaka utraty nawilżenia. Poznaj naszą odżywkę Hyaluron Plump Nawilżająco-Scalającą, która natychmiastowo rozplątuje włosy i zamyka nawilżenie do 72 godzin* dla bardziej błyszczących, 10x bardziej nawilżonych**, sprężystych i miękkich włosów bez obciążania. Formuła została wzbogacona kwasem hialuronowym. Kwas hialuronowy to występująca naturalnie w ciele molekuła, która jest zdolna wiązać 1000x więcej wody niż sama waży i pomaga wypełnić włosy nawilżeniem. Sięgnij po inne produkty z gamy Elseve Hyaluron Plump aby nawilżyć swoje odwodnione włosy i dodać im sprężystości.Butelka w 100% z recyklingu*** oraz nadająca się do ponownego przetworzenia.* Test instrumentalny po użyciu odżywki.** Test instrumentalny po użyciu szamponu i odżywki.***Z wyłączeniem nakrętki i barwnika."}, {"header": "Składniki i alergeny", "content": "Składniki:1267991 A - INGREDIENTS: AQUA / WATER / EAU • CETEARYL ALCOHOL • DIMETHICONE • GLYCERIN • BEHENTRIMONIUM CHLORIDE • CI 17200 / RED 33 • CI 42090 / BLUE 1 • LACTIC ACID • SODIUM LAURETH SULFATE • SODIUM HYDROXIDE • SODIUM HYALURONATE • PHENOXYETHANOL • LIMONENE • AMODIMETHICONE • ISOPROPYL ALCOHOL • CETRIMONIUM CHLORIDE • PARFUM / FRAGRANCE (F.I.L. N70045742/1)."}, {"header": "Pozostałe informacje", "content": "Kraj pochodzenia:FrancjaKraj pochodzenia zależy od konkretnej partii produktu jaka znajduje się w sklepie. Informację o kraju pochodzenia znajdziesz na opakowaniu. Możesz również dodać komentarz z preferowanym typem produktu w koszyku lub wiadomości dla shoppera (np. “prosze o pomidory polskie”).Producent:L'Oreal Paris\nTSA 75000 \n93584 St Ouen Cedex\nFR\nwww.lorealparis.pl\nInfolinia 22 33 58 600\nopłata zgodnie z taryfą operatoraImporter:L'Oréal Polska Sp. z o.oul. Grzybowska 62 00-844 Warszawa PLserwis.konsumencki@loreal.comNazwa wymagana prawnie:Odżywka Elseve nawilżająco-scalająca"}], "images": ["data/images/a354cb05efc0fd20e104ed3b1fa8eee9.jpg"], "absolute_path": "Drogeria/Pielęgnacja włosów/Odżywki i olejki/Produkt 3"}
{"name": "Produkt 3", "url": "https://zakupy.biedronka.pl/bioelixire-bioelixire-essential-woda-lamelarna-150-ml-0000019012.html", "title": "Bioelixire Essential Woda lamelarna 150 ml", "brand": "Bioelixire", "price": "14.49 PLN", "packaging_details": "0.15l- 96,60 zł / l", "description_sections": [{"header": "Opis produktu", "content": "Bioelixire Essential Woda Lamelarna to:- natychmiastowy efekt tafli,- intensywne wygładzenie,- ochrona przed wilgocią.Woda lamelarna sprawia, że włosy staja się lśniące, sypkie oraz gładkie bez efektu obciążania i i sklejania. Lekka formuła wzbogacona w proteiny pszenicy dodatkowo rewitalizuje pasma, a właściwości antystatyczne wody lamelarnej zmniejszają puszenie się.Skład wzbogacony został w:Proteiny pszenicy – wzmacniają strukturę włosów, zmniejszają łamliwość i rozdwajanie się końcówek. Poprawiają elastyczność włosów oraz chronią przed uszkodzeniami.Kwas mlekowy – uelastycznia, nawilża i ogranicza puszenie się włosów.Aminokwasy – nawilżają, odżywiają i zapobiegają przedwczesnemu siwieniu. Kompleks aminokwasów w wodzie lamelarnej wzmacnia Twoje włosy."}, {"header": "Składniki i alergeny", "content": "Składniki:Propylene Glycol, Alcohol denat., Aqua, Mirystyl Alcohol, Propanediol, Lactic Acid, Hydroxypropyltrimonium Hydrolyzed Wheat Protein, Sodium PCA, Sodium Lactate, Arginine, Aspartic Acid, PCA, Glycine, Alanine, Serine, Valine, Isoleucine, Proline, Threonine, Histidine, Phenylalanine, Behentrimonium Chloride, Methylpropanediol, Silicone Quaternium-8, Caprylyl Glycol, Dipropylene Glycol, Cetrimonium Chloride, Benzoic Acid, Potassium Sorbate, Sodium Benzoate, Parfum"}, {"header": "Pozostałe informacje", "content": "Kraj pochodzenia:PolskaKraj pochodzenia zależy od konkretnej partii produktu jaka znajduje się w sklepie. Informację o kraju pochodzenia znajdziesz na opakowaniu. Możesz również dodać komentarz z preferowanym typem produktu w koszyku lub wiadomości dla shoppera (np. “prosze o pomidory polskie”).Producent:Farouk Systems PolskaWejherowska 24 60-446 Poznań PLDystrybutor:Farouk Systems PolskaWejherowska 24 60-446 PoznańNazwa wymagana prawnie:Bioelixire Odżywka do włosów do spłukiwania"}], "images": ["data/images/04193f84ce4d52ee9978199d01456468.jpg"], "absolute_path": "Drogeria/Pielęgnacja włosów/Do stylizacji/Produkt 3"}
{"name": "Produkt 1", "url": "https://zakupy.biedronka.pl/bella-bella-perfecta-podpaski-ultra-extra-soft-night-14-szt.-0000002364.html", "title": "Bella Perfecta Podpaski Ultra extra soft night 14 szt.", "brand": "Bella", "price": "7.49 PLN", "packaging_details": "14szt.- 0,54 zł / szt", "description_sections": [{"header": "Opis produktu", "content": "Supercienka podpaska Bella Perfecta Ultra Night Extra Soft zapewnia ochronę podczas najbardziej intensywnych dni miesiączki. Podpaska Bella o wydłużonym kształcie jest oddychająca i posiada specjalną włókninę Extra Soft pozwalającą ochronić skórę przed podrażnieniami. Dodatkowo zatrzymuje nieprzyjemne zapachy, dzięki czemu zapewnia uczucie komfortu. Idealna ochrona na noc.Podpaska Bella Perfecta Ultra jest przyklejona do saszetki, co ułatwia jej użytkowanie."}, {"header": "Pozostałe informacje", "content": "Kraj pochodzenia:PolskaKraj pochodzenia zależy od konkretnej partii produktu jaka znajduje się w sklepie. Informację o kraju pochodzenia znajdziesz na opakowaniu. Możesz również dodać komentarz z preferowanym typem produktu w koszyku lub wiadomości dla shoppera (np. “prosze o pomidory polskie”).Producent:Toruńskie Zakłady Materiałów Opatrunkowych S.A. (TZMO S.A.),\nul. Żółkiewskiego 20\\26,\n87-100 Toruń,\nPoland\ntzmo-global.com\nbella-global.comDystrybutor:TORUŃSKIE ZAKŁADY MATERIAŁÓW OPATRUNKOWYCH SAŻÓŁKIEWSKIEGO 20/26 87-100 TORUŃmagdalena.bierowiec@tzmo-global.comNazwa wymagana prawnie:Perfecta Ultra EXTRA SOFT night 14szt."}], "images": ["data/images/a966f1736b641262b931c48aa7045899.jpg"], "absolute_path": "Drogeria/Higiena osobista/Podpaski/Produkt 1"}
{"name": "Produkt 4", "url": "https://zakupy.biedronka.pl/taft-taft-lakier-do-wlosow-ultimate-250-ml-0000008296.html", "title": "Taft Lakier do włosów Ultimate 250 ml", "brand": "Taft", "price": "21.99 PLN", "packaging_details": "0.25l- 87,96 zł / l", "description_sections": [{"header": "Opis produktu", "content": "Schwarzkopf Taft Ultimate lakier do włosów 250 ml - maksymalne utrwalenie i olśniewająco krystaliczny blaskInnowacyjna formuła Schwarzkopf Taft Ultimate nadaje włosom maksymalne utrwalenie i olśniewająco krystaliczny blask oraz jest odpowiedni do każdego rodzaju włosów. Zapewnia długotrwałe utrwalenie bez efektu sklejonych włosów, a jednocześnie łatwo się wyczesuje. Pomaga chronić włosy przed uczuciem suchości i zapewnia mocne utrwalenie stylizacji nawet w trudnych warunkach pogodowych, takich jak wilgoć i wiatr. Lakier do włosów Schwarzkopf Taft posiada innowacyjny system HAPTIQ, który tworzy mikrowiązania i wzmacnia strukturę włosa.Dla pięknych fryzur, które można zobaczyć i poczuć!Lakiery do włosów Schwarzkopf Taft zawierają wegańskie formuły* i są zatwierdzone przez PETA**. Formuła nie zawiera silikonu.Sposób stosowania: Rozpylać z odległości 30 cm.Zalety produktu:- Maksymalne utrwalenie i olśniewająco krystaliczny blask- Do wszystkich rodzajów włosów- Poziom utrwalenia: 5+- Chroni przed wilgocią i wiatrem- Wegańska formuła*- Zatwierdzony przez PETA*** Nie zawiera składników pochodzenia zwierzęcego**Globalna polityka testów na zwierzętach"}, {"header": "Składniki i alergeny", "content": "Składniki:Dimethyl Ether,Alcohol denat.,Aqua (Water, Eau),Octylacrylamide/ Acrylates/Butylaminoethyl Methacrylate Copolymer,Aminomethyl Propanol,Triethyl Citrate,Parfum (Fragrance),Vinyl Caprolactam/VP/Dimethylaminoethyl Methacrylate Copolymer,PanthenolBenzoic Acid,Linalool,Benzyl Alcohol,Geraniol,Hexyl Cinnamal,Benzyl Salicylate,Citronellol,Alpha-Isomethyl Ionone,Methyl Benzoate"}, {"header": "Przechowywanie i sposób przygotowania", "content": "Sposób podania:Rozpylaj z odległości 30 cm."}, {"header": "Pozostałe informacje", "content": "Kraj pochodzenia:NiemcyKraj pochodzenia zależy od konkretnej partii produktu jaka znajduje się w sklepie. Informację o kraju pochodzenia znajdziesz na opakowaniu. Możesz również dodać komentarz z preferowanym typem produktu w koszyku lub wiadomości dla shoppera (np. “prosze o pomidory polskie”).Nazwa wymagana prawnie:Taft Ultimate Lakier do włosów 250 ml"}], "images": ["data/images/28d8ad4f0ba906d419fa7254d220351d.jpg"], "absolute_path": "Drogeria/Pielęgnacja włosów/Do stylizacji/Produkt 4"}
{"name": "Produkt 1", "url": "https://zakupy.biedronka.pl/lactacyd-lactacyd-femina-plyn-do-higieny-intymnej-200-ml-0000002110.html", "title": "Lactacyd Femina Płyn do higieny intymnej 200 ml", "brand": "Lactacyd", "price": "16.99 PLN", "packaging_details": "0.2l- 84,95 zł / l", "description_sections": [{"header": "Opis produktu", "content": "Płyn do higieny intymnej Lactacyd Femina został stworzony, aby chronić naturalną równowagę pH okolic intymnych. Wzbogacony o naturalny kwas mlekowy oraz regenerujące Lactoserum odżywia i pozwala czuć się świeżo przez cały dzień, chroniąc przed uczuciem dyskomfortu."}, {"header": "Składniki i alergeny", "content": "Składniki:Aqua,Magnesium Laureth Sulfate,Disodium Laureth Sulfosuccinate,Cocamidopropyl Betaine,PEG-7 Glyceryl Cocoate,Sodium Laureth Sulfate,Glycol Distearate,Lactose,Parfum,Sodium Benzoate,Sodium Chloride,Caprylyl Glycol,Cocamide MEA,Glyceryl Laurate,Potassium Sorbate,Propylene Glycol,PEG-55 Propylene Glycol Oleate,Laureth-10,Lactic Acid,Glycerin,Lactis Proteinum,Formic Acid"}, {"header": "Przechowywanie i sposób przygotowania", "content": "Sposób podania:Instrukcja stosowania:Do codziennego stosowaniaDo użytku zewnętrznegoPo użyciu dokładnie spłukać wodąW razie reakcji alergicznej zaprzestać stosowania"}, {"header": "Pozostałe informacje", "content": "Producent:Omega Pharma Int.\nVenecoweg 26,\nBE-9810Dystrybutor:Omega Pharma Int.Venecoweg 26 BE-981 0Nazwa wymagana prawnie:Lactacyd Femina Płyn do higieny intymnej 200 ml"}], "images": ["data/images/2ac6a20e1175614197bc8f91d16b4fc1.jpg"], "absolute_path": "Drogeria/Higiena osobista/Higiena intymna/Produkt 1"}
{"name": "Produkt 2", "url": "https://zakupy.biedronka.pl/femina-femina-podpaski-ultra-fresh-protection-normal-20-szt.-0000005613.html", "title": "Femina Podpaski Ultra Fresh protection Normal 20 szt.", "brand": "Femina", "price": "5.99 PLN", "packaging_details": "20szt.- 0,30 zł / szt", "description_sections": [{"header": "Opis produktu", "content": "Niezawodna ochrona dzięki zastosowaniu innowacyjnych kanalików.Zabezpieczające, miękkie osłonki zapewniają dodatkową ochronę Twojej bielizny.Powłoczka soft daje poczucie komfortu.Oddychające materiały pomagają zapobiegać podrażnieniom skóry.Pozostaje na miejscu kiedy Ty jesteś w ruchu.Świeży, kwiatowy zapach zapewnia długotrwałe poczucie świeżości."}, {"header": "Pozostałe informacje", "content": "Kraj pochodzenia:Unia EuropejskaKraj pochodzenia zależy od konkretnej partii produktu jaka znajduje się w sklepie. Informację o kraju pochodzenia znajdziesz na opakowaniu. Możesz również dodać komentarz z preferowanym typem produktu w koszyku lub wiadomości dla shoppera (np. “prosze o pomidory polskie”).Dystrybutor:Jeronimo Martins Polska S.A.Żniwna 5 62-025 KostrzynNazwa wymagana prawnie:Podpaski Ultra"}], "images": ["data/images/ff9484efc5de4bc5d80b8ea29e6acbf4.jpg", "data/images/727699482a77376c36f9dd83b7db5b93.jpg", "data/images/ebdcabd047eb4bd713995746412f4fc4.jpg", "data/images/910b08160ec71e5c6715673ddfa565ac.jpg"], "absolute_path": "Drogeria/Higiena osobista/Podpaski/Produkt 2"}
{"name": "Produkt 3", "url": "https://zakupy.biedronka.pl/bella-bella-podpaski-perfecta-ultra-blue-20-szt.-0000002368.html", "title": "Bella Podpaski Perfecta Ultra Blue 20 szt.", "brand": "Bella", "price": "7.49 PLN", "packaging_details": "20szt.- 0,54 zł / szt", "description_sections": [{"header": "Opis produktu", "content": "Supercienka 2mm podpaska z delikatną włóknina extra soft doskonale chroni i zabezpiecza. Specjalna substancja magic gel zamienia wilgoć w żel, a funkcja odour stop neutralizuje nieprzyjemne zapachy."}, {"header": "Pozostałe informacje", "content": "Kraj pochodzenia:PolskaKraj pochodzenia zależy od konkretnej partii produktu jaka znajduje się w sklepie. Informację o kraju pochodzenia znajdziesz na opakowaniu. Możesz również dodać komentarz z preferowanym typem produktu w koszyku lub wiadomości dla shoppera (np. “prosze o pomidory polskie”).Producent:Toruńskie Zakłady Materiałów Opatrunkowych S.A. (TZMO S.A.),\nul. Żółkiewskiego 20\\26,\n87-100 Toruń,\nPoland\ntzmo-global.com\nbella-global.comDystrybutor:TORUŃSKIE ZAKŁADY MATERIAŁÓW OPATRUNKOWYCH SAŻÓŁKIEWSKIEGO 20/26 87-100 TORUŃmagdalena.bierowiec@tzmo-global.comNazwa wymagana prawnie:Podpaski BELLA Perfecta Ultra Blue 20 szt."}], "images": ["data/images/0f7e1ea25119f6b8c8cd7a1aed287de6.jpg"], "absolute_path": "Drogeria/Higiena osobista/Podpaski/Produkt 3"}
{"name": "Produkt 4", "url": "https://zakupy.biedronka.pl/bella-bella-podpaski-perfecta-ultra-green-20-szt.-0000002365.html", "title": "Bella Podpaski Perfecta Ultra Green 20 szt.", "brand": "Bella", "price": "7.49 PLN", "packaging_details": "20szt.- 0,54 zł / szt", "description_sections": [{"header": "Opis produktu", "content": "Perfecta w nowym ekonomicznym opakowaniu! Supercienka, 2 mm podpaska niezauważalna nawet przy bardzo dopasowanym stroju. Pokryta jest superchłonną siateczką silky drai z systemem mikrolejków, który błyskawicznie przepuszcza wilgoć i zatrzymuje ją wewnątrz podpaski, zapewniająca uczucie suchości. Podpaska jest oddychająca, dzięki czemu odczuwasz komfort non stop. Specjalny system sep zapewnia idealną ochronę twojej bielizny."}, {"header": "Pozostałe informacje", "content": "Kraj pochodzenia:PolskaKraj pochodzenia zależy od konkretnej partii produktu jaka znajduje się w sklepie. Informację o kraju pochodzenia znajdziesz na opakowaniu. Możesz również dodać komentarz z preferowanym typem produktu w koszyku lub wiadomości dla shoppera (np. “prosze o pomidory polskie”).Producent:Toruńskie Zakłady Materiałów Opatrunkowych S.A. (TZMO S.A.),\nul. Żółkiewskiego 20\\26,\n87-100 Toruń,\nPoland\ntzmo-global.com\nbella-global.comDystrybutor:TORUŃSKIE ZAKŁADY MATERIAŁÓW OPATRUNKOWYCH SAŻÓŁKIEWSKIEGO 20/26 87-100 TORUŃmagdalena.bierowiec@tzmo-global.comNazwa wymagana prawnie:Podpaski BELLA Perfecta Ultra Green 20 szt."}], "images": ["data/images/b78577b50b703b144805eb5fd71c6621.jpg"], "absolute_path": "Drogeria/Higiena osobista/Podpaski/Produkt 4"}
{"name": "Produkt 6", "url": "https://zakupy.biedronka.pl/bella-bella-ideale-normal-podpaski-10-szt.-0000002363.html", "title": "Bella Ideale Normal Podpaski 10 szt.", "brand": "Bella", "price": "7.49 PLN", "packaging_details": "10szt.- 0,54 zł / szt", "description_sections": [{"header": "Opis produktu", "content": "Podpaski utracienkie Bella Ideale StaySofti Normal 10 szt.Ekstra delikatne pokrycie o podwójnej strukturze połączonych włóknin podpasek Bella Ideale powoduje, że materiał jest niezwykle miękki w dotyku jednocześnie zapewniając niezawodną ochronę w ciągu dnia i w nocy, bez ryzyka podrażnień.Unikalne cechy produktu:- pokrycie StaySofti– subtelne pokrycie powoduje, że podpaska jest niezwykle delikatna oraz zapewnia użytkowniczce wyjątkowe uczucie miękkości i naturalności,- mikrokapsułki – sprawiają, że podpaska chłonie dwukrotnie więcej niż inne cienkie podpaski - wilgoć skutecznie wiązana jest w środku i zamieniana w żel, zapobiegając przeciekaniu; technologia mikrokapsułek hamuje również namnażanie się bakterii i neutralizuje nieprzyjemne zapachy,- wysoka oddychalność AIR - dzięki zastosowaniu specjalnych materiałów podpaska jest wysoce oddychająca, co pomaga w swobodnej termoregulacji oraz zapobiega powstawaniu podrażnień i odparzeń,- system Flexi fit – gwarantuje wyjątkową elastyczność podpaski, dzięki czemu idealnie dopasowuje się ona do każdego rodzaju bielizny i staje się niewyczuwalna – sprawia wrażenie integralnej części bielizny."}, {"header": "Pozostałe informacje", "content": "Kraj pochodzenia:PolskaKraj pochodzenia zależy od konkretnej partii produktu jaka znajduje się w sklepie. Informację o kraju pochodzenia znajdziesz na opakowaniu. Możesz również dodać komentarz z preferowanym typem produktu w koszyku lub wiadomości dla shoppera (np. “prosze o pomidory polskie”).Producent:Toruńskie Zakłady Materiałów Opatrunkowych S.A. (TZMO S.A.),\nul. Żołkiewskiego 20\\26, \n87-100 Toruń,\ntzmo-global.com\nbella-global.comDystrybutor:TORUŃSKIE ZAKŁADY MATERIAŁÓW OPATRUNKOWYCH SAŻÓŁKIEWSKIEGO 20/26 87-100 TORUŃmagdalena.bierowiec@tzmo-global.comNazwa wymagana prawnie:Ultracienkie podpaski higieniczne 10 sztuk"}], "images": ["data/images/d572125c016f9e375e0fd510568c1c94.jpg"], "absolute_path": "Drogeria/Higiena osobista/Podpaski/Produkt 6"}
{"name": "Produkt 5", "url": "https://zakupy.biedronka.pl/bella-bella-podpaski-ideale-night-7-szt.-0000002366.html", "title": "Bella Podpaski ideale night 7 szt.", "brand": "Bella", "price": "7.49 PLN", "packaging_details": "7szt.- 0,54 zł / szt", "description_sections": [{"header": "Opis produktu", "content": "Podpaski ultracienkie Bella Ideale StaySofti Night 7 szt.Ekstra delikatne pokrycie o podwójnej strukturze połączonych włóknin podpasek Bella Ideale powoduje, że materiał jest niezwykle miękki w dotyku jednocześnie zapewniając niezawodną ochronę w ciągu dnia i w nocy, bez ryzyka podrażnień.Wersja Night to najwyższy stopień chłonności, polecany do stosowania na noc oraz w trakcie obfitej miesiączki.Unikalne cechy produktu:- pokrycie StaySofti– subtelne pokrycie powoduje, że podpaska jest niezwykle delikatna oraz zapewnia użytkowniczce wyjątkowe uczucie miękkości i naturalności,- mikrokapsułki – sprawiają, że podpaska chłonie dwukrotnie więcej niż inne cienkie podpaski - wilgoć skutecznie wiązana jest w środku i zamieniana w żel, zapobiegając przeciekaniu; technologia mikrokapsułek hamuje również namnażanie się bakterii i neutralizuje nieprzyjemne zapachy,- wysoka oddychalność AIR - dzięki zastosowaniu specjalnych materiałów podpaska jest wysoce oddychająca, co pomaga w swobodnej termoregulacji oraz zapobiega powstawaniu podrażnień i odparzeń,- system Flexi fit – gwarantuje wyjątkową elastyczność podpaski, dzięki czemu idealnie dopasowuje się ona do każdego rodzaju bielizny i staje się niewyczuwalna – sprawia wrażenie integralnej części bielizny."}, {"header": "Pozostałe informacje", "content": "Kraj pochodzenia:PolskaKraj pochodzenia zależy od konkretnej partii produktu jaka znajduje się w sklepie. Informację o kraju pochodzenia znajdziesz na opakowaniu. Możesz również dodać komentarz z preferowanym typem produktu w koszyku lub wiadomości dla shoppera (np. “prosze o pomidory polskie”).Producent:Toruńskie Zakłady Materiałów Opatrunkowych S.A. (TZMO S.A.),\nul. Żółkiewskiego 20\\26,\n87-100 Toruń,\nPoland\ntzmo-global.com\nbella-global.comDystrybutor:TORUŃSKIE ZAKŁADY MATERIAŁÓW OPATRUNKOWYCH SAŻÓŁKIEWSKIEGO 20/26 87-100 TORUŃmagdalena.bierowiec@tzmo-global.comNazwa wymagana prawnie:Ultracienkie podpaski higieniczne 7 sztuk"}], "images": ["data/images/96b1c58cac8f81ae224db1ba04e42c86.jpg"], "absolute_path": "Drogeria/Higiena osobista/Podpaski/Produkt 5"}
{"name": "Produkt 7", "url": "https://zakupy.biedronka.pl/always-always-podpaski-ultra-secure-night-extra-ze-skrzydelkami-10-szt.-0000012564.html", "title": "Always Podpaski Ultra Secure Night Extra ze skrzydełkami 10 szt.", "brand": "Always", "price": "14.59 PLN", "packaging_details": "10szt.- 1,04 zł / szt", "description_sections": [{"header": "Opis produktu", "content": "Do 12 godzin ochrony Always sprawia, że nie musisz martwić się o nieprzerwany sen: Podpaski ALWAYS Ultra Secure Night Extra (rozmiar 5) ze skrzydełkami oraz chłonną i delikatną powłoczką zostały zaprojektowane z 3 zabezpieczeniami, dzięki czemu nie musisz budzić się, aby sprawdzić, czy podpaska przecieka, lub by zmienić ją w środku nocy.  O 9% większy przód i o 85% większy tył (w porównaniu z Always Ultra Normal rozmiar 1) w połączeniu z technologią LeakGuard zapewniają pełną ochronę, zapobiegając przeciekaniu podczas nocnych krwawień. Podpaski Always Ultra zostały zatwierdzone dermatologicznie przez Skin Health Alliance.Subrand:Night Extra Plus"}, {"header": "Pozostałe informacje", "content": "Kraj pochodzenia:WęgryKraj pochodzenia zależy od konkretnej partii produktu jaka znajduje się w sklepie. Informację o kraju pochodzenia znajdziesz na opakowaniu. Możesz również dodać komentarz z preferowanym typem produktu w koszyku lub wiadomości dla shoppera (np. “prosze o pomidory polskie”).Producent:Procter & Gamble Service Gmbh, 65823 Schwalbach am TaunusDystrybutor:Jeronimo Martins Polska S.A.Żniwna 5 62-025 Kostrzyn PLImporter:Jeronimo Martins Polska S.A.Żniwna 5 62-025 Kostrzyn PLNazwa wymagana prawnie:Always Podpaski Ultra Secure Night Extra (rozmiar 5) Podpaski ze skrzydełkami, x 10]"}], "images": ["data/images/25477414a72a0690c5fa41392dd3b8a0.jpg"], "absolute_path": "Drogeria/Higiena osobista/Podpaski/Produkt 7"}
{"name": "Produkt 2", "url": "https://zakupy.biedronka.pl/carefree-carefree-wkladki-higieniczne-swiezy-zapach-cotton-feel-flexiform-56-szt.-0000017463.html", "title": "Carefree Wkładki higieniczne świeży zapach Cotton Feel Flexiform 56 szt.", "brand": "Carefree", "price": "18.49 PLN", "packaging_details": "56szt.- 0,33 zł / szt", "description_sections": [{"header": "Opis produktu", "content": "Carefree Cotton Feel Flexiform Świeży Zapach- Do 100 % oddychające- Codzienna świeżość- Powłoczka testowana dermatologicznie- Bez barwników i bielenia chlorem pierwiastkowym- Powłoczka Soft Touch - wyjątkowo miękka w dotyku- Unikalne połączenie 4 przewiewnych warstw- Nie przesuwają się- Doskonałe dopasowanie - dostosowuje się do ruchów ciałaNie wszystkie produkty są dostępne we wszystkich krajach.miękkie w dotyku jak bawełna"}, {"header": "Pozostałe informacje", "content": "Kraj pochodzenia:WłochyKraj pochodzenia zależy od konkretnej partii produktu jaka znajduje się w sklepie. Informację o kraju pochodzenia znajdziesz na opakowaniu. Możesz również dodać komentarz z preferowanym typem produktu w koszyku lub wiadomości dla shoppera (np. “prosze o pomidory polskie”).Producent:Johnson & Johnson S.p.A\nVia Ardeatina km 23,500,\n00071, Santa Palomba,\nPomezia (Rome)\nItaly\nwww.carefree.euDystrybutor:Johnson & Johnson S.p.AVia Ardeatina km 23500 00071 Santa PalombaNazwa wymagana prawnie:Carefree Cotton Feel Flexiform Wkładki higieniczne świeży zapach 56 sztuk"}], "images": ["data/images/8af91ae6f7aceeee0fc0550d13a2b451.jpg"], "absolute_path": "Drogeria/Higiena osobista/Wkładki/Produkt 2"}
{"name": "Produkt 10", "url": "https://zakupy.biedronka.pl/always-always-podpaski-ultra-secure-night-ze-skrzydelkami-12-szt.-0000012563.html", "title": "Always Podpaski Ultra Secure Night ze skrzydełkami 12 szt.", "brand": "Always", "price": "14.59 PLN", "packaging_details": "12szt.- 1,04 zł / szt", "description_sections": [{"header": "Opis produktu", "content": "Do 10 godzin ochrony Always sprawia, że nie musisz martwić się o spokojny sen: Podpaski ALWAYS Ultra Secure Night (rozmiar 4) ze skrzydełkami i chłonną, delikatną powłoczką zostały zaprojektowane z 3 zabezpieczeniami, dzięki czemu nie musisz budzić się, aby sprawdzić, czy podpaska przecieka, lub by zmienić ją w środku nocy. O 60% większy tył (w porównaniu z Always Ultra Normal rozmiar 1) w połączeniu z technologią LeakGuard wiąże wilgoć i pomaga zapobiegać przeciekaniu podczas nocnych krwawień. Podpaski Always Ultra zostały zatwierdzone dermatologicznie przez Skin Health Alliance.Subrand:Ultra Secure Night"}, {"header": "Pozostałe informacje", "content": "Kraj pochodzenia:WęgryKraj pochodzenia zależy od konkretnej partii produktu jaka znajduje się w sklepie. Informację o kraju pochodzenia znajdziesz na opakowaniu. Możesz również dodać komentarz z preferowanym typem produktu w koszyku lub wiadomości dla shoppera (np. “prosze o pomidory polskie”).Producent:Procter & Gamble Service Gmbh, 65823 Schwalbach am TaunusDystrybutor:Jeronimo Martins Polska S.A.Żniwna 5 62-025 Kostrzyn PLImporter:Jeronimo Martins Polska S.A.Żniwna 5 62-025 Kostrzyn PLNazwa wymagana prawnie:Always Podpaski Ultra Secure Night (rozmiar 4) Podpaski ze skrzydełkami, x 12]"}], "images": ["data/images/67abbcf08d016dd23c46746f93e0639b.jpg"], "absolute_path": "Drogeria/Higiena osobista/Podpaski/Produkt 10"}
{"name": "Produkt 9", "url": "https://zakupy.biedronka.pl/bella-bella-podpaski-perfecta-ultra-rose-20-szt.-0000002367.html", "title": "Bella Podpaski Perfecta Ultra Rose 20 szt.", "brand": "Bella", "price": "7.49 PLN", "packaging_details": "20szt.- 0,54 zł / szt", "description_sections": [{"header": "Opis produktu", "content": "Supercienka, 2 mm podpaska niezauważalna nawet przy bardzo dopasowanym stroju. Pokryta jest delikatną i miękką włókniną extra soft, która doskonale chroni skórę przed ewentualnymi podrażnieniami. Podpaska jest oddychająca, dzięki czemu odczuwasz komfort non stop. Delikatny kwiatowy aromat zapewnia uczucie świeżości na cały dzień. Dodatkowo ozdobne wytłoczenie ułatwi wchłanianie cieczy."}, {"header": "Pozostałe informacje", "content": "Kraj pochodzenia:PolskaKraj pochodzenia zależy od konkretnej partii produktu jaka znajduje się w sklepie. Informację o kraju pochodzenia znajdziesz na opakowaniu. Możesz również dodać komentarz z preferowanym typem produktu w koszyku lub wiadomości dla shoppera (np. “prosze o pomidory polskie”).Producent:Toruńskie Zakłady Materiałów Opatrunkowych S.A. (TZMO S.A.),\nul. Żółkiewskiego 20\\26,\n87-100 Toruń,\nPoland\ntzmo-global.com\nbella-global.comDystrybutor:TORUŃSKIE ZAKŁADY MATERIAŁÓW OPATRUNKOWYCH SAŻÓŁKIEWSKIEGO 20/26 87-100 TORUŃmagdalena.bierowiec@tzmo-global.comNazwa wymagana prawnie:Podpaski BELLA Perfecta Ultra Rose 20 szt."}], "images": ["data/images/db66c17f2b62d0bbb8b040d46e288aa3.jpg"], "absolute_path": "Drogeria/Higiena osobista/Podpaski/Produkt 9"}
{"name": "Produkt 1", "url": "https://zakupy.biedronka.pl/carefree-carefree-wkladki-higieniczne-cotton-aloe-56-szt.-0000008389.html", "title": "Carefree Wkładki higieniczne Cotton Aloe 56 szt.", "brand": "Carefree", "price": "18.49 PLN", "packaging_details": "56szt.- 0,33 zł / szt", "description_sections": [{"header": "Opis produktu", "content": "NOWOŚĆ - Łatwe odklejanieW 100% oddychające. Długotrwała świeżość.OddychająceZ ekstraktem z bawełny i aloesemS\\M"}, {"header": "Składniki i alergeny", "content": "Składniki:Wkładka wykonana z bawełny"}, {"header": "Pozostałe informacje", "content": "Kraj pochodzenia:Unia Europejska, WłochyKraj pochodzenia zależy od konkretnej partii produktu jaka znajduje się w sklepie. Informację o kraju pochodzenia znajdziesz na opakowaniu. Możesz również dodać komentarz z preferowanym typem produktu w koszyku lub wiadomości dla shoppera (np. “prosze o pomidory polskie”).Producent:Johnson & Johnson S.p.A\nVia Ardeatina km 23,500,\n00071, Santa Palomba,\nPomezia (Rome)\nItaly\nwww.carefree.euDystrybutor:JNTL CONSUMER HEALTH (POLAND) Sp. z o.o.Iłżecka 24 02-135 Warszawaporady@its.jnj.comNazwa wymagana prawnie:Carefree Cotton Aloe 56 szt"}], "images": ["data/images/532dd2572d9851efdf322c1c1eaced74.jpg", "data/images/81286f86ccb350b238f560d216ef580f.jpg", "data/images/1d33891889dbd0d511ac51ba62648d02.jpg"], "absolute_path": "Drogeria/Higiena osobista/Wkładki/Produkt 1"}
{"name": "Produkt 8", "url": "https://zakupy.biedronka.pl/always-always-ultra-night-podpaski-ze-skrzydelkami-14-szt.-0000012562.html", "title": "Always Ultra Night Podpaski ze skrzydełkami 14 szt.", "brand": "Always", "price": "14.59 PLN", "packaging_details": "14szt.- 1,04 zł / szt", "description_sections": [{"header": "Opis produktu", "content": "Śpij spokojnie z Always Ultra Night …To całkowicie wykonalne, jeśli używasz podpasek Always Ultra Night. Podpaski Always na noc zostały stworzone specjalnie po to, by lepiej chronić bieliznę przed zabrudzeniem i zapewnić Ci jeszcze lepszą ochronę przed przeciekaniem, nawet gdy przewracasz się z boku na bok przez całą noc. Ich superchłonny wkład zamyka wilgoć w środku podpaski, chroniąc przed przeciekaniem, a technologia neutralizująca niechciany zapach sprawia, że budzisz się, czując się świeżo i beztrosko. Podpaski Always Ultra Night mają tylko 3 mm grubości, ale zapewniają do 100% ochrony przed przeciekaniem w nocy i wspaniałe uczucie komfortu.www.everydayme.pl, www.mydziewczyny.pl• Do 100% ochrony przed przeciekaniem• O 40% dłuższe niż Ultra Normal dla dodatkowej ochrony przed przeciekaniem przez całą noc• Dopasowuje się do Twoich kształtów, a skrzydełka utrzymują ją na miejscu, gdy ruszasz się przez sen• Żel zatrzymujący wilgoć, aby nie mogła wydostać się na zewnątrz• Technologia neutralizująca niechciany zapach blokuje go, a nie tylko maskuje• Miękkość bawełny i niezwykła delikatność dla skóry• Testowane dermatologicznie i delikatne dla skóry• Tylko 3 mm grubości dla wspaniałego uczucia komfortu"}, {"header": "Pozostałe informacje", "content": "Kraj pochodzenia:WęgryKraj pochodzenia zależy od konkretnej partii produktu jaka znajduje się w sklepie. Informację o kraju pochodzenia znajdziesz na opakowaniu. Możesz również dodać komentarz z preferowanym typem produktu w koszyku lub wiadomości dla shoppera (np. “prosze o pomidory polskie”).Dystrybutor:Jeronimo Martins Polska S.A.Żniwna 5 62-025 Kostrzyn PLImporter:Jeronimo Martins Polska S.A.Żniwna 5 62-025 Kostrzyn PLNazwa wymagana prawnie:Zapachowe podpaski higieniczne"}], "images": ["data/images/f5434ecd9e736f450bd107b036f1bbb0.jpg"], "absolute_path": "Drogeria/Higiena osobista/Podpaski/Produkt 8"}
{"name": "Produkt 2", "url": "https://zakupy.biedronka.pl/durex-durex-prezerwatywy-performa-3-szt.-0000002842.html", "title": "Durex Prezerwatywy Performa 3 szt.", "brand": "Durex", "price": "12.99 PLN", "packaging_details": "3szt.- 4,33 zł / szt", "description_sections": [{"header": "Opis produktu", "content": "O kształce Easy-on, zakończone zbiorniczkiem, gładkie prezerwatywy.RozmiarStandardowe (szerokość nominalna 56 mm)LubrykantPerforma zawiera benzokainę (5%), środek znieczulający miejscowo, pomagający przedłużyć stosunek.GrubośćStandardowePrzezroczyste prezerwatywy z naturalnego lateksu.Prezerwatywy Durex. To jest wyrób medyczny. Używaj go zgodnie z instrukcją używania lub etykietą. Producent: Reckitt Benckiser Healthcare (UK) Limited. Upoważniony przedstawiciel: RB NL Brands B.V. Podmiot prowadzący reklamę: Reckitt Benckiser (Poland) S.A."}, {"header": "Przechowywanie i sposób przygotowania", "content": "Sposób podania:Aby ułatwić założenie logo Durex na folijce wskazuje spód prezerwatywy."}, {"header": "Pozostałe informacje", "content": "Producent:Reckitt Benckiser (Poland) S.A.\nul. Okunin 1,\n05-100 Nowy Dwór Mazowiecki\nInfolinia: 801 115 111Nazwa wymagana prawnie:Durex Performa Prezerwatywy 3 sztuki"}], "images": ["data/images/f9311487d9991cfff5d644dbc407c760.jpg"], "absolute_path": "Drogeria/Higiena osobista/Prezerwatywy i żele/Produkt 2"}
{"name": "Produkt 1", "url": "https://zakupy.biedronka.pl/durex-durex-arouser-wyrob-medyczny-prezerwatywy-3-szt.-0000002841.html", "title": "Durex Arouser Wyrób medyczny prezerwatywy 3 szt.", "brand": "Durex", "price": "12.99 PLN", "packaging_details": "3szt.- 4,33 zł / szt", "description_sections": [{"header": "Opis produktu", "content": "* Prezerwatywy Durex. To jest wyrób medyczny. Używaj go zgodnie z instrukcją używania lub etykietą. Producent: Reckitt Benckiser Healthcare (UK) Limited. Upoważniony przedstawiciel: RB NL Brands B.V.Podmiot prowadzący reklamę: Reckitt Benckiser (Poland) S.A.Prążkowane prezerwatywy potęgujące doznania."}, {"header": "Składniki i alergeny", "content": "Składniki:Naturalna guma lateksowa"}, {"header": "Pozostałe informacje", "content": "Kraj pochodzenia:TajlandiaKraj pochodzenia zależy od konkretnej partii produktu jaka znajduje się w sklepie. Informację o kraju pochodzenia znajdziesz na opakowaniu. Możesz również dodać komentarz z preferowanym typem produktu w koszyku lub wiadomości dla shoppera (np. “prosze o pomidory polskie”).Producent:Reckitt Benckiser Healthcare (UK) Limited,\nDansom Lane,\nHull,\nEast Yorkshire,\nHU8 7DS,\nUK\nInfolinia: (22) 211 26 92Dystrybutor:Reckitt Benckiser (Poland) S.A.,Okunin 1 05-100 Nowy Dwór MazowieckiNazwa wymagana prawnie:DUREX AROUSER 3 SZT."}], "images": ["data/images/fb037480157275ebc108e431d3111a60.jpg", "data/images/76f2d1db6722555c39adbf4f68daa96d.jpg"], "absolute_path": "Drogeria/Higiena osobista/Prezerwatywy i żele/Produkt 1"}
{"name": "Produkt 1", "url": "https://zakupy.biedronka.pl/o.b.-o.b.-tampony-organic-normal-16-szt.-0000014034.html", "title": "o.b. Tampony Organic normal 16 szt.", "brand": "o.b.", "price": "14.99 PLN", "packaging_details": "16szt.- 0,94 zł / szt", "description_sections": [{"header": "Opis produktu", "content": "o.b.® Organic - tampony w 100% z organicznej bawełny, bez plastiku, dające niezawodną ochronę.*przetestowane i zaakceptowane zgodnie z wymaganiami certyfikatu GOTS"}, {"header": "Składniki i alergeny", "content": "Składniki:Tampony wykonany z 100% bawełny organicznej"}, {"header": "Pozostałe informacje", "content": "Kraj pochodzenia:FrancjaKraj pochodzenia zależy od konkretnej partii produktu jaka znajduje się w sklepie. Informację o kraju pochodzenia znajdziesz na opakowaniu. Możesz również dodać komentarz z preferowanym typem produktu w koszyku lub wiadomości dla shoppera (np. “prosze o pomidory polskie”).Nazwa wymagana prawnie:o.b. Organic normal 16 szt."}], "images": ["data/images/4c855c62e8272f4a965aacf5eb0763fa.jpg", "data/images/da126d888236c65c5c91e1759c9f34a8.jpg", "data/images/39262a94237fd94d75f86472c53b4eca.jpg"], "absolute_path": "Drogeria/Higiena osobista/Tampony/Produkt 1"}
{"name": "Produkt 3", "url": "https://zakupy.biedronka.pl/carefree-carefree-wkladki-higieniczne-cotton-unscented-56-szt.-0000008388.html", "title": "Carefree Wkładki higieniczne Cotton Unscented 56 szt.", "brand": "Carefree", "price": "18.49 PLN", "packaging_details": "56szt.- 0,33 zł / szt", "description_sections": [{"header": "Opis produktu", "content": "NOWOŚĆ - Łatwe odklejanieW 100% oddychające. Długotrwała świeżość.OddychająceZ ekstraktem z bawełnyS\\MDelikatna powłoczka z ekstraktem z bawełny - dodatkowe uczucie miękkości.Nie przesuwają sięDoskonałe dopasowanie - dostosowują się do ruchów ciałaUnikalne połączenie 4 przewiewnych warstwPowłoczka testowana dermatologicznieNieperfumowane"}, {"header": "Składniki i alergeny", "content": "Składniki:bawełna"}, {"header": "Pozostałe informacje", "content": "Kraj pochodzenia:Unia EuropejskaKraj pochodzenia zależy od konkretnej partii produktu jaka znajduje się w sklepie. Informację o kraju pochodzenia znajdziesz na opakowaniu. Możesz również dodać komentarz z preferowanym typem produktu w koszyku lub wiadomości dla shoppera (np. “prosze o pomidory polskie”).Producent:Johnson & Johnson S.p.A\nVia Ardeatina km 23,500,\n00071, Santa Palomba,\nPomezia (Rome)\nItaly\nwww.carefree.euDystrybutor:JNTL CONSUMER HEALTH (POLAND) Sp. z o.o.Iłżecka 24 02-135 Warszawaporady@its.jnj.comNazwa wymagana prawnie:Carefree Cotton Unscented, wkładki higieniczne 56 szt."}], "images": ["data/images/05d55d7497b8557625f73f7ac660032b.jpg", "data/images/8668f4e9fbea31db7e6f3d36a30c9a21.jpg", "data/images/571f76ee97a6a6bd583ff8299b5d2e6e.jpg", "data/images/66a693a3483dd11776cb0dd1c9439b3e.jpg"], "absolute_path": "Drogeria/Higiena osobista/Wkładki/Produkt 3"}
{"name": "Produkt 2", "url": "https://zakupy.biedronka.pl/o.b.-o.b.-tampony-organic-super-16-szt.-0000014035.html", "title": "o.b. Tampony Organic super 16 szt.", "brand": "o.b.", "price": "14.99 PLN", "packaging_details": "16szt.- 0,94 zł / szt", "description_sections": [{"header": "Opis produktu", "content": "o.b.® Organic - tampony w 100% z organicznej bawełny, bez plastiku, dające niezawodną ochronę.*przetestowane i zaakceptowane zgodnie z wymaganiami certyfikatu GOTS"}, {"header": "Pozostałe informacje", "content": "Kraj pochodzenia:FrancjaKraj pochodzenia zależy od konkretnej partii produktu jaka znajduje się w sklepie. Informację o kraju pochodzenia znajdziesz na opakowaniu. Możesz również dodać komentarz z preferowanym typem produktu w koszyku lub wiadomości dla shoppera (np. “prosze o pomidory polskie”).Dystrybutor:JNTL CONSUMER HEALTH (POLAND) Sp. z o.o.Iłżecka 24 02-135 Warszawaporady@its.jnj.comNazwa wymagana prawnie:o.b. Organic Super 16"}], "images": ["data/images/2a8093f087af6c65ae25f5e5ac42c625.jpg", "data/images/c1037c8a6300bdf540f1f11e948f6828.jpg", "data/images/a9114a3d11d7504c88c7a31e1029f74c.jpg"], "absolute_path": "Drogeria/Higiena osobista/Tampony/Produkt 2"}
{"name": "Produkt 6", "url": "https://zakupy.biedronka.pl/durex-durex-prezerwatywy-intense-10-szt.-0000013847.html", "title": "Durex Prezerwatywy Intense 10 szt.", "brand": "Durex", "price": "35.99 PLN", "packaging_details": "10szt.- 3,60 zł / szt", "description_sections": [{"header": "Opis produktu", "content": "Nowe prezerwatywy Durex Intense dla większej bliskości są 40% cieńsze od standardowych prezerwatyw Durex dla zwiększonego odczuwania i bliższego kontaktu z partnerem. Jest to najcieńsza, lateksowa prezerwatywa Durex.Prezerwatywy. Producent: Reckitt Benckiser Healthcare (UK) Limited.Upoważniony przedstawiciel: RB NL Brands B.V.Podmiot prowadzący reklamę: Reckitt Benckiser (Poland) S.A.To jest wyrób medyczny. Używaj go zgodnie z instrukcją używania lub etykietą."}, {"header": "Składniki i alergeny", "content": "Składniki:Naturalna guma lateksowa"}, {"header": "Pozostałe informacje", "content": "Kraj pochodzenia:TajlandiaKraj pochodzenia zależy od konkretnej partii produktu jaka znajduje się w sklepie. Informację o kraju pochodzenia znajdziesz na opakowaniu. Możesz również dodać komentarz z preferowanym typem produktu w koszyku lub wiadomości dla shoppera (np. “prosze o pomidory polskie”).Nazwa wymagana prawnie:Prezerwatywy lateksowe prążkowane cienkie 10 szt."}], "images": ["data/images/4b4d761021f6d1978fa4f61150489c55.jpg"], "absolute_path": "Drogeria/Higiena osobista/Prezerwatywy i żele/Produkt 6"}
{"name": "Produkt 3", "url": "https://zakupy.biedronka.pl/durex-durex-excite-mix-prezerwatywy-8-szt.-0000012129.html", "title": "Durex Excite Mix Prezerwatywy 8 szt.", "brand": "Durex", "price": "27.99 PLN", "packaging_details": "8szt.- 3,50 zł / szt", "description_sections": [{"header": "Opis produktu", "content": "Czasem chce się odkryć coś nowego. Durex Excite Mix to dobrany zestaw prezerwatyw: Arouser, Pleasuremax i Strawberry. Są to prezerwatywy o różnych szerokościach i kształtach.Powinieneś używać tej, która według Ciebie jest pewnie założona i wygodna, zgodnie z rozmiarem, który najlepiej do Ciebie pasuje.W zestawie Znajduje sięArouserProste, zakończone zbiorniczkiem, prążkowane.3 prezerwatywyRozmiarStandardowe (szerokość nominalna 53 mm)LubrykantSilikonowyGrubośćStandardowaLatexPrezerwatywy z naturalnego lateksu o zabarwieniu koralowym.PleasuremaxO kształcie Easy-On, zakończone zbiorniczkiem, z wypustkami i prążkami.3 prezerwatywyRozmiarStandardowe (szerokość nominalna 56 mm)Lubrykantzwiększona ilość silikonowego lubrykantuGrubośćStandardowaLatexPrzezroczyste prezerwatywy z naturalnego lateksu.StrawberryPrezerwatywy o smaku truskawkowymO kształcie Easy-On, zakończone zbiorniczkiem, gładkie.2 prezerwatywyRozmiarStandardowe (szerokość nominalna 53 mm)LubrykantSilikonowy, o smaku truskawkowymGrubośćStandardowaLatexBarwione prezerwatywy z naturalnego lateksu.Prezerwatywy Durex. To jest wyrób medyczny. Używaj go zgodnie z instrukcją używania lub etykietą. Producent: Reckitt Benckiser Healthcare (UK) Limited. Upoważniony przedstawiciel: RB NL Brands B.V. Podmiot prowadzący reklamę: Reckitt Benckiser (Poland) S.A."}, {"header": "Przechowywanie i sposób przygotowania", "content": "Sposób podania:Przed użyciemUżywaj tylko tych żeli intymnych, które są odpowiednie do używania z prezerwatywami. Do seksu analnego zastosuj żel intymny na zewnątrz prezerwatywy. Kluczem jest wiedza i świadomość, dlatego przeczytaj instrukcję używania znajdującą się w środku, zwłaszcza jeśli używasz prezerwatyw do seksu analnego lub oralnego.UtylizacjaUżywaj prezerwatywy tylko raz.Wyrzuć folijkę i zużytą prezerwatywę do kosza.Nie wyrzucaj do toalety.Aby ułatwić założenie, logo Durex na folijce wskazuje spód prezerwatywy."}, {"header": "Pozostałe informacje", "content": "Producent:Reckitt Benckiser Healthcare (UK) Limited,\nDansom Lane,\nHull,\nEast Yorkshire,\nHU8 7DS,\nUK\nInfolinia: (22) 211 26 92Dystrybutor:Reckitt Benckiser Healthcare (UK) LimitedDansom Lane(22) 211 26 92Nazwa wymagana prawnie:Durex Excite Mix Prezerwatywy 8 sztuk"}], "images": ["data/images/1d14195b9026b24bbbd2b278ce979eb2.jpg"], "absolute_path": "Drogeria/Higiena osobista/Prezerwatywy i żele/Produkt 3"}
{"name": "Produkt 4", "url": "https://zakupy.biedronka.pl/durex-durex-zel-intymny-originals-silicone-50-ml-0000013848.html", "title": "Durex Żel intymny Originals Silicone 50 ml", "brand": "Durex", "price": "15.99 PLN", "packaging_details": "50ml- 0,32 zł / ml", "description_sections": [{"header": "Opis produktu", "content": "Trzykrotnie dłuższe nawilżenie!Żel intymny stworzony na bazie silikonu.Wywołuje przyjemne, delikatne uczucie ciepła, a jedwabista konsystencja gwarantuje wyjątkowo zmysłowe doznania. Może być używany ze wszystkimi prezerwatywami Durex.Żel intymny. Producent: Reckitt Benckiser Healthcare (UK) Limited.Upoważniony przedstawiciel: RB NL Brands B.V.Podmiot prowadzący reklamę: Reckitt Benckiser (Poland) S.A.To jest wyrób medyczny. Używaj go zgodnie z instrukcją używania lub etykietą."}, {"header": "Składniki i alergeny", "content": "Składniki:brak danych"}, {"header": "Pozostałe informacje", "content": "Kraj pochodzenia:TajlandiaKraj pochodzenia zależy od konkretnej partii produktu jaka znajduje się w sklepie. Informację o kraju pochodzenia znajdziesz na opakowaniu. Możesz również dodać komentarz z preferowanym typem produktu w koszyku lub wiadomości dla shoppera (np. “prosze o pomidory polskie”).Producent:Reckitt Benckiser Healthcare (UK) Limited,\nDansom Lane,\nHull,\nEast Yorkshire,\nHU8 7DS,\nUK\nInfolinia: (22) 211 26 92Nazwa wymagana prawnie:Durex żel intymny Originals Silicone 50 ml"}], "images": ["data/images/dca5c82b4652a1b6adf38370be45dc3a.jpg"], "absolute_path": "Drogeria/Higiena osobista/Prezerwatywy i żele/Produkt 4"}
{"name": "Produkt 7", "url": "https://zakupy.biedronka.pl/durex-durex-prezerwatywy-classic-12-szt.-0000013838.html", "title": "Durex Prezerwatywy Classic 12 szt.", "brand": "Durex", "price": "28.99 PLN", "packaging_details": "12szt.- 2,42 zł / szt", "description_sections": [{"header": "Opis produktu", "content": "* Prezerwatywy Durex. To jest wyrób medyczny. Używaj go zgodnie z instrukcją używania lub etykietą. Producent: Reckitt Benckiser Healthcare (UK) Limited. Upoważniony przedstawiciel: RB NL Brands B.V.Podmiot prowadzący reklamę: Reckitt Benckiser (Poland) S.A.Klasyczne prezerwatywy ze środkiem nawilżającym"}, {"header": "Składniki i alergeny", "content": "Składniki:Naturalna guma lateksowa"}, {"header": "Pozostałe informacje", "content": "Kraj pochodzenia:TajlandiaKraj pochodzenia zależy od konkretnej partii produktu jaka znajduje się w sklepie. Informację o kraju pochodzenia znajdziesz na opakowaniu. Możesz również dodać komentarz z preferowanym typem produktu w koszyku lub wiadomości dla shoppera (np. “prosze o pomidory polskie”).Producent:Reckitt Benckiser Healthcare (UK) Limited,\nDansom Lane,\nHull,\nEast Yorkshire,\nHU8 7DS,\nUK\nInfolinia (22) 211 26 92Dystrybutor:Reckitt Benckiser (Poland) S.A.,Okunin 1 05-100 Nowy Dwór MazowieckiNazwa wymagana prawnie:Prezerwatywy lateksowe 12 szt."}], "images": ["data/images/5ef84a22a782d1cbe80c3e8d0c977e0b.jpg", "data/images/a02f1e0c17eb36585d52edf564bb04c1.jpg", "data/images/219ebea3e42b5e2567744bfff57d8072.jpg"], "absolute_path": "Drogeria/Higiena osobista/Prezerwatywy i żele/Produkt 7"}
{"name": "Produkt 5", "url": "https://zakupy.biedronka.pl/durex-durex-prezerwatywy-performa-12-szt.-0000013845.html", "title": "Durex Prezerwatywy Performa 12 szt.", "brand": "Durex", "price": "31.99 PLN", "packaging_details": "12szt.- 2,67 zł / szt", "description_sections": [{"header": "Opis produktu", "content": "Prezerwatywy Durex Performa pokryte są od wewnątrz specjalnym lubrykantem – benzokainą – który pozwala na opóźnienie wytrysku i przedłużenie stosunku, co oznacza dłuższą przyjemność.Dzięki specjalnej technologii wytwarzania prezerwatywy Durex Performa mają przyjemniejszy zapach. Nic nie przeszkadza, więc możesz się zrelaksować i cieszyć przyjemnościąPrezerwatywy. Producent: Reckitt Benckiser Healthcare (UK) Limited. Upoważniony przedstawiciel: RB NL Brands B.V.Podmiot prowadzący reklamę: Reckitt Benckiser (Poland) S.A.To jest wyrób medyczny. Używaj go zgodnie z instrukcją używania lub etykietą."}, {"header": "Składniki i alergeny", "content": "Składniki:nie dotyczy"}, {"header": "Pozostałe informacje", "content": "Kraj pochodzenia:TajlandiaKraj pochodzenia zależy od konkretnej partii produktu jaka znajduje się w sklepie. Informację o kraju pochodzenia znajdziesz na opakowaniu. Możesz również dodać komentarz z preferowanym typem produktu w koszyku lub wiadomości dla shoppera (np. “prosze o pomidory polskie”).Producent:Reckitt Benckiser (Poland) S.A.\nul. Okunin 1,\n05-100 Nowy Dwór Mazowiecki\nTel.: (22) 765 95 00\nInfolinia: +48 801 115 111Nazwa wymagana prawnie:Prezerwatywy lateksowe 12 szt."}], "images": ["data/images/88727d84493c511bf71a06e7f7897520.jpg"], "absolute_path": "Drogeria/Higiena osobista/Prezerwatywy i żele/Produkt 5"}
{"name": "Produkt 1", "url": "https://zakupy.biedronka.pl/gillette-gillette-venus-3-sensitive-maszynki-do-golenia-4-szt.-0000016957.html", "title": "Gillette Venus 3 Sensitive Maszynki do golenia 4 szt.", "brand": "Gillette", "price": "21.99 PLN", "packaging_details": "4szt.- 5,50 zł / szt", "description_sections": [{"header": "Opis produktu", "content": "Maszynka jednorazowa dla kobiet Gillette Venus 3 Sensitive to przeznaczona dla skóry wrażliwej maszynka o 3 ostrzach. Zawiera pasek nawilżający SkinElixir umożliwiający gładkie golenie oraz 3 ostrza z ruchomą główką. Nawet 0% podrażnień (US Consumer Study, luty 2018 r.)."}, {"header": "Pozostałe informacje", "content": "Kraj pochodzenia:PolskaKraj pochodzenia zależy od konkretnej partii produktu jaka znajduje się w sklepie. Informację o kraju pochodzenia znajdziesz na opakowaniu. Możesz również dodać komentarz z preferowanym typem produktu w koszyku lub wiadomości dla shoppera (np. “prosze o pomidory polskie”).Producent:Procter & GambleImporter:Procter&GambleZabraniecka 20 03-872 Warszawa PLpg@pg.comNazwa wymagana prawnie:Jednorazowe maszynki do golenia"}], "images": ["data/images/0647e8e246c2edc0ff14949e01a16f8d.jpg"], "absolute_path": "Drogeria/Golenie i depilacja/Depilacja ciała/Produkt 1"}
{"name": "Produkt 9", "url": "https://zakupy.biedronka.pl/durex-durex-wyrob-medyczny-prezerwatywy-feel-thin-extra-lubricated-12-szt.-0000013843.html", "title": "Durex Wyrób medyczny prezerwatywy Feel Thin Extra Lubricated 12 szt.", "brand": "Durex", "price": "36.99 PLN", "packaging_details": "12szt.- 3,08 zł / szt", "description_sections": [{"header": "Opis produktu", "content": "Prezerwatywy Durex Feel Thin Dodatkowo nawilżane, cienkie z większą ilością lubrykantu dla gładszych doznań.Optymalne dopasowanieKażdy jest inny, ale odpowiednio dopasowany rozmiar powinien być zawsze komfortowy i dawać poczucie bezpieczeństwa.O kształcie Easy-on, zakończone zbiorniczkiem, gładkie.RozmiarStandardowe (szerokość nominalna 56 mm)LubrykantWiększa ilość silikonowego lubrykantu.GrubośćCienkiePrzezroczyste prezerwatywy z naturalnego lateksu.Prezerwatywy Durex. To jest wyrób medyczny. Używaj go zgodnie z instrukcją używania lub etykietą. Producent: Reckitt Benckiser Healthcare (UK) Limited. Upoważniony przedstawiciel: RB NL Brands B.V. Podmiot prowadzący reklamę: Reckitt Benckiser (Poland) S.A."}, {"header": "Przechowywanie i sposób przygotowania", "content": "Sposób podania:Przed rozpoczęciemUżywaj tylko żeli intymnych, które są odpowiednie do używania z prezerwatywami. Do seksu analnego zastosuj żel intymny na zewnątrz prezerwatywy.UtylizacjaUżywaj prezerwatywy tylko raz. Wyrzuć folijkę i zużytą prezerwatywę do kosza. Nie wyrzucaj do toalety.Aby ułatwić założenie logo Durex na folijce wskazuje spód prezerwatywy."}, {"header": "Pozostałe informacje", "content": "Dystrybutor:Reckitt Benckiser Healthcare (UK) LimitedDansom Lane(22) 211 26 92Nazwa wymagana prawnie:Durex Feel Thin Extra Lubricated Wyrób medyczny prezerwatywy 12 sztuk"}], "images": ["data/images/f69b9b42c1a17d05d816ae46c5d13171.jpg"], "absolute_path": "Drogeria/Higiena osobista/Prezerwatywy i żele/Produkt 9"}
{"name": "Produkt 2", "url": "https://zakupy.biedronka.pl/gillette-gillette-venus-3-maszynki-do-golenia-4-szt.-0000016956.html", "title": "Gillette Venus 3 Maszynki do golenia 4 szt.", "brand": "Gillette", "price": "21.99 PLN", "packaging_details": "4szt.- 5,50 zł / szt", "description_sections": [{"header": "Opis produktu", "content": "Ciesz się gładką skórą bez podrażnień (w porównaniu z Simply Venus 2) dzięki maszynkom jednorazowym dla kobiet Gillette Venus 3, które zapewniają dokładne golenie w przystępnej cenie. Maszynka posiada ruchomą główkę z 3 ostrzami oraz paskiem nawilżającym, który ułatwia poślizg maszynki, oraz ochronne mikrolistki pomagające uniknąć skaleczeń i zacięć. Ciesz się dokładnym i bardziej komfortowym goleniem (w porównaniu z Simply Venus 2)."}, {"header": "Pozostałe informacje", "content": "Kraj pochodzenia:PolskaKraj pochodzenia zależy od konkretnej partii produktu jaka znajduje się w sklepie. Informację o kraju pochodzenia znajdziesz na opakowaniu. Możesz również dodać komentarz z preferowanym typem produktu w koszyku lub wiadomości dla shoppera (np. “prosze o pomidory polskie”).Producent:Procter & GambleImporter:Procter&GambleZabraniecka 20 03-872 Warszawa PLpg@pg.comNazwa wymagana prawnie:Jednorazowe maszynki do golenia"}], "images": ["data/images/a0c58e26bbc60ff0ed228a39fc29920f.jpg"], "absolute_path": "Drogeria/Golenie i depilacja/Depilacja ciała/Produkt 2"}
{"name": "Produkt 10", "url": "https://zakupy.biedronka.pl/durex-durex-prezerwatywy-arouser-12-szt.-0000013844.html", "title": "Durex Prezerwatywy Arouser 12 szt.", "brand": "Durex", "price": "31.99 PLN", "packaging_details": "12szt.- 2,67 zł / szt", "description_sections": [{"header": "Opis produktu", "content": "* Prezerwatywy Durex. To jest wyrób medyczny. Używaj go zgodnie z instrukcją używania lub etykietą. Producent: Reckitt Benckiser Healthcare (UK) Limited. Upoważniony przedstawiciel: RB NL Brands B.V.Podmiot prowadzący reklamę: Reckitt Benckiser (Poland) S.A.Prążkowane, gwarantujące niezapomniane doznania.Specjalnie zaprojektowana, stymulująca powierzchnia sprawi, że osiągniecie wyższy poziom rozkoszy."}, {"header": "Składniki i alergeny", "content": "Składniki:Naturalna guma lateksowa"}, {"header": "Pozostałe informacje", "content": "Kraj pochodzenia:TajlandiaKraj pochodzenia zależy od konkretnej partii produktu jaka znajduje się w sklepie. Informację o kraju pochodzenia znajdziesz na opakowaniu. Możesz również dodać komentarz z preferowanym typem produktu w koszyku lub wiadomości dla shoppera (np. “prosze o pomidory polskie”).Dystrybutor:Reckitt Benckiser (Poland) S.A.,Okunin 1 05-100 Nowy Dwór MazowieckiNazwa wymagana prawnie:Prezerwatywy lateksowe prążkowane 12 szt."}], "images": ["data/images/ed10ecb0d4c8b5c8e22eda283324d35d.jpg", "data/images/fb08795568e06251845c94de1421e1a7.jpg", "data/images/267e4e659ae6a3e1892059fa1d2cf18d.jpg"], "absolute_path": "Drogeria/Higiena osobista/Prezerwatywy i żele/Produkt 10"}
{"name": "Produkt 8", "url": "https://zakupy.biedronka.pl/durex-durex-feel-thin-wyrob-medyczny-prezerwatywy-3-szt.-0000012635.html", "title": "Durex Feel Thin Wyrób medyczny prezerwatywy 3 szt.", "brand": "Durex", "price": "12.99 PLN", "packaging_details": "3szt.- 4,33 zł / szt", "description_sections": [{"header": "Opis produktu", "content": "O kształcie Easy-On, zakończone zbiorniczkiem, gładkie.RozmiarStandardowe (szerokość nominalna 56 mm)LubrykantSilikonowyGrubośćCienkieLatexPrezerwatywy z naturalnego lateksu."}, {"header": "Pozostałe informacje", "content": "Producent:Reckitt Benckiser Healthcare (UK) Limited,\nDansom Lane,\nHull,\nEast Yorkshire,\nHU8 7DS,\nUK\nInfolinia (22) 211 26 92Dystrybutor:Reckitt Benckiser Healthcare (UK) LimitedDansom LaneNazwa wymagana prawnie:Durex Feel Thin Wyrób medyczny prezerwatywy 3 sztuki"}], "images": ["data/images/7a7cd2fa3f63c6825ad4ecd87fe61961.jpg", "data/images/988da260791551716a2a3ef91b099942.jpg"], "absolute_path": "Drogeria/Higiena osobista/Prezerwatywy i żele/Produkt 8"}
{"name": "Produkt 2", "url": "https://zakupy.biedronka.pl/sensodyne-sensodyne-pasta-do-zebow-z-fluorkiem-xl-daily-whitening-100-ml-0000005881.html", "title": "Sensodyne Pasta do zębów z fluorkiem XL Daily Whitening 100 ml", "brand": "Sensodyne", "price": "18.65 PLN", "packaging_details": "0.1l- 186,50 zł / l", "description_sections": [{"header": "Opis produktu", "content": "Sensodyne Daily Whitening – pasta do zębów z fluorkiem, która oferuje efekt wybielania. Wyjątkowa formuła jest odpowiednia dla osób, które borykają się z problemem wrażliwych zębów, ponieważ starannie dobrane składniki zapewniają długotrwałą ulgę od nadwrażliwości i związanego z nią dyskomfortu. Sensodyne Daily Whitening usuwa również widoczne przebarwienia i wygładza powierzchnię zębów, sprawiając, że wyglądają na bielsze i zdrowsze. Jednocześnie ma wszystkie zalety zwykłej pasty do zębów, dzięki czemu doskonale sprawdza się w codziennej higienie, usuwa płytkę bakteryjną, odświeża oddech i pomaga pielęgnować wrażliwe zęby, pozwalając Ci cieszyć się piękniejszym uśmiechem!Czym jest nadwrażliwość zębów?Wiele osób zmaga się z problemem nadwrażliwości. Kiedy szkliwo się zużywa (podczas codziennego spożywania pokarmów czy napojów) lub cofa się linia dziąseł, znajdująca się pod spodem zębina zostaje odsłonięta. Ten proces może prowadzić do nadwrażliwości zębów, a tym samym reakcji bólowej, powodowanej na przykład przez zimne bądź gorące napoje czy pokarmy.Co daje stosowanie pasty Sensodyne?Udowodniono klinicznie, że pasta Sensodyne używana dwa razy dziennie zapewnia ochronę przed nadwrażliwością 24\\7. Codzienne stosowanie pasty Sensodyne pomaga zachować mocne zęby, zdrowe dziąsła i świeży oddech.Używaj Sensodyne Daily Whitening dwa razy dziennie:- Zapewnia długotrwałą ulgę w nadwrażliwości- Zawiera fluorek, który chroni przed próchnicą- Pomaga usunąć nagromadzoną płytkę bakteryjną Pomaga utrzymać zdrowe dziąsła- Pomaga w usuwaniu przebarwień dla bielszych zębówSensodyne Daily Whitening to pasta z fluorkiem, którą należy stosować codziennie aby zapewnić właściwą pielęgnację wrażliwych zębów."}, {"header": "Składniki i alergeny", "content": "Składniki:Aqua,Hydrated Silica,Sorbitol,Glycerin,Pentasodium Triphosphate,Potassium Nitrate,PEG-6,Alumina,Aroma,Titanium Dioxide,Sodium Methyl Cocoyl Taurate,Cocamidopropyl Betaine,Xanthan Gum,Sodium Hydroxide,Sodium Saccharin,Sodium Fluoride,Zawiera fluorek sodu 0,315 % w/w (1450 ppm fluorku)"}, {"header": "Przechowywanie i sposób przygotowania", "content": "Sposób podania:Zawsze przestrzegać instrukcji podanych na opakowaniu.Stosować dwa, maksymalnie do trzech razy dziennie, nie połykać, wypluć."}, {"header": "Pozostałe informacje", "content": "Producent:Haleon Poland sp. z o.o.Dystrybutor:GlaxoSmithKline Consumer Healthcare Sp. z o.o.ul. Grunwaldzka 189 60-322 Poznańprodukty.zapytanie@gsk.com800 702 849Importer:Haleon Poland sp. z o.o.RZYMOWSKIEGO 53 02-697 WARSZAWA PLsara.x.pieper@haleon.comNazwa wymagana prawnie:Sensodyne XL Daily Whitening Pasta do zębów z fluorkiem 100 ml"}], "images": ["data/images/0364496130586c04294ed0e7739e9df6.jpg"], "absolute_path": "Drogeria/Pielęgnacja jamy ustnej/Pasty do zębów/Produkt 2"}
{"name": "Produkt 4", "url": "https://zakupy.biedronka.pl/elmex-elmex-pasta-do-zebow-przeciw-prochnicy-75-ml-0000004001.html", "title": "Elmex Pasta do zębów przeciw próchnicy 75 ml", "brand": "Elmex", "price": "16.49 PLN", "packaging_details": "0.075l- 219,87 zł / l", "description_sections": [{"header": "Opis produktu", "content": "Pasta do zębów elmex® Przeciw Próchnicy z aminofluorkiem pomaga zapobiegać powstawaniu próchnicy. Remineralizuje uszkodzone szkliwo i chroni zęby przed próchnicą. Wysoce skuteczna formuła elmex® z aminofluorkiem tworzy dwufunkcyjną ochronną warstwę wapniowo-fluorową, która remineralizuje zęby i zapobiega powstawaniu ubytków. Główne korzyści wynikajace ze stosowania pasty do zębów elmex® Przeciw Próchnicy: - Zawiera aminofluorek. - Pomaga remineralizować uszkodzone partie szkliwa. - Skuteczna ochrona przed próchnicą zębów. - Polecana przez dentystów. - Chroni również powierzchnie, do których trudno jest dotrzeć szczoteczką do zębów. Produkt opracowany przez szwajcarskich specjalistów. Przebadany klinicznie. W jaki sposób pojawia się próchnica? Próchnica jako proces długofalowy, nie pojawia się z dnia na dzień. By ją zatrzymać, należy podjąć działania już podczas wczesnych faz powstawania ubytków. Producent: Colgate-Palmolive Services (Poland) Sp. z o.o. ; Adres producenta: ul. Taśmowa 7, 02-677 Warszawa, Polska ; Adres elektroniczny producenta: colgatepalmolive.com ; Podmiot odpowiedzialny w UE: Colgate-Palmolive Europe Sarl ; Adres podmiotu odpowiedzialnego w UE: Colgate-Palmolive Europe Sarl, 4106, Therwil\\Switzerland ; Adres elektroniczny podmiotu odpowiedzialnego w UE: colgatepalmolive.com"}, {"header": "Składniki i alergeny", "content": "Składniki:Aqua, Hydrated Silica, Sorbitol, Hydroxyethylcellulose, Olaflur, Aroma,Saccharin, Limonene, CI 77891. Zawiera: Olaflur (1400 ppm)."}, {"header": "Pozostałe informacje", "content": "Kraj pochodzenia:PolskaKraj pochodzenia zależy od konkretnej partii produktu jaka znajduje się w sklepie. Informację o kraju pochodzenia znajdziesz na opakowaniu. Możesz również dodać komentarz z preferowanym typem produktu w koszyku lub wiadomości dla shoppera (np. “prosze o pomidory polskie”).Producent:Producent:\n\n\n\n\nOsoba odpowiedzialna EU:Dystrybutor:Colgate-Palmolive Services (Poland) Sp. z o.o.ul. Taśmowa 7 02-677 Warszawakonsument_poland@colpal.comNazwa wymagana prawnie:elmex Przeciw Próchnicy pasta do zębów z aminofluorkiem 75 ml"}], "images": ["data/images/3a4a8c3d63f7c6576d759a029e0cbff3.jpg", "data/images/7652a888c37fbe47bb6578a19dba9be3.jpg"], "absolute_path": "Drogeria/Pielęgnacja jamy ustnej/Pasty do zębów/Produkt 4"}
{"name": "Produkt 5", "url": "https://zakupy.biedronka.pl/aquafresh-aquafresh-big-teeth-pasta-do-zebow-z-fluorkiem-50-ml--0000017121.html", "title": "Aquafresh Big Teeth Pasta do zębów z fluorkiem 50 ml", "brand": "Aquafresh", "price": "8.99 PLN", "packaging_details": "0.05l- 179,80 zł / l", "description_sections": [{"header": "Opis produktu", "content": "Ząbki malucha wymagają odpowiedniej pielęgnacji każdego dnia. Dlatego właśnie powstała pasta Aquafresh my Big Teeth, której nowa, starannie opracowana formuła zawiera odpowiednią ilość fluorku i jest przeznaczona specjalnie dla dzieci w wieku powyżej 6 lat. Pasta Aquafresh my Big Teeth pozwala zadbać o higienę jamy ustnej malucha, skutecznie usuwa płytkę nazębną, a także pomaga chronić mleczne i stałe zęby. Jej formuła wzmacnia i chroni ich szkliwo przed działaniem kwasów cukrowych, które są jedną z głównych przyczyn powstawania próchnicy oraz zapewnia odpowiednią pielęgnację delikatnych dziąseł. Dodatkowo, Aquafresh my Big Teeth pieni się podczas szczotkowania, dzięki czemu codzienne mycie zębów staje się jeszcze przyjemniejsze. Aquafresh my Big Teeth to doskonały sposób, aby zadbać o idealną higienę, dzięki której ząbki Twojego malucha będą zdrowsze i mocniejsze!Subrand:Big Teeth"}, {"header": "Składniki i alergeny", "content": "Składniki:Aqua,Hydrated Silica,Sorbitol,Glycerin,Xanthan Gum,Sodium Methyl Cocoyl Taurate,Cocamidopropyl Betaine,Aroma,Carrageenan,Sodium Fluoride,Alumina,Steviol Glycosides,Limonene,CI 73360,CI 74160,CI 74260"}, {"header": "Przechowywanie i sposób przygotowania", "content": "Sposób podania:Przestrzegaj zdrowej diety i szczotkuj zęby dwa razy dziennie pastą z fluorkiem. Poziom ochrony może się zmniejszyć pomiędzy szczotkowaniami."}, {"header": "Pozostałe informacje", "content": "Producent:Haleon,\nLevice 934 01,\nSK\n\nInfolinia dla konsumenta: 800 702 849;\ne-mail: mystory.pl@haleon.comNazwa wymagana prawnie:Aquafresh Big Teeth Pasta do zębów 50 ml"}], "images": ["data/images/937f4643e3f06ab823851419fdab5a09.jpg", "data/images/88986ee3f8285387ef12139f7a0cd380.jpg"], "absolute_path": "Drogeria/Pielęgnacja jamy ustnej/Pasty do zębów/Produkt 5"}
{"name": "Produkt 1", "url": "https://zakupy.biedronka.pl/colgate-colgate-advanced-white-wybielajaca-pasta-do-zebow-z-fluorem-125-ml-0000019876.html", "title": "Colgate Advanced White wybielająca pasta do zębów z fluorem 125 ml", "brand": "Colgate", "price": "14.99 PLN", "packaging_details": "125ml- 0,12 zł / ml", "description_sections": [{"header": "Opis produktu", "content": "Colgate Advanced Whitening z mikrokryształkami posiada klinicznie udowodnione działanie oczyszczające i wybielające zęby. Dodatkowo pomaga zapobiegać powstawaniu nowych przebarwień, pozostawiając bielsze zęby na dłużej. - Skutecznie usuwa przebarwienia - Do codziennego użytku - Odświeża oddech - Pomaga walczyć z prochnicą i usuwa płytkę bakteryjną.Producent: Colgate-Palmolive Services (Poland) Sp. z o.o. ; Adres producenta: ul. Taśmowa 7, 02-677 Warszawa, Polska ; Adres elektroniczny producenta: colgatepalmolive.com ; Podmiot odpowiedzialny w UE: Colgate-Palmolive Europe Sarl ; Adres podmiotu odpowiedzialnego w UE: Colgate-Palmolive Europe Sarl, 4106, Therwil\\Switzerland ; Adres elektroniczny podmiotu odpowiedzialnego w UE: colgatepalmolive.com"}, {"header": "Składniki i alergeny", "content": "Składniki:Aqua, Hydrated Silica, Sorbitol, PEG-12, Aroma, Sodium Lauryl Sulfate, Xanthan Gum, Potassium Hydroxide, Cellulose Gum, Tetrasodium Pyrophosphate, Phosphoric Acid, Sodium Fluoride, Sodium Saccharin, Benzyl Alcohol, Limonene, CI 74160. Zawiera: fluorek sodu (1450ppm F-)."}, {"header": "Pozostałe informacje", "content": "Kraj pochodzenia:PolskaKraj pochodzenia zależy od konkretnej partii produktu jaka znajduje się w sklepie. Informację o kraju pochodzenia znajdziesz na opakowaniu. Możesz również dodać komentarz z preferowanym typem produktu w koszyku lub wiadomości dla shoppera (np. “prosze o pomidory polskie”).Producent:Wybrzeże Gdyńskie 6D, 01-531 WarszawaDystrybutor:Colgate-Palmolive Services (Poland) Sp. z o.o.ul. Taśmowa 7 02-677 Warszawakonsument_poland@colpal.comNazwa wymagana prawnie:Pasta do zębów Colgate Advanced White z aktywnymi mikrokryształkami czyszczącymi 125ml"}], "images": ["data/images/362265694b064a26b23cafca742ae4a8.jpg", "data/images/77628c9d7bcbe04dbf8ced73eec04a31.jpg"], "absolute_path": "Drogeria/Pielęgnacja jamy ustnej/Pasty do zębów/Produkt 1"}
{"name": "Produkt 3", "url": "https://zakupy.biedronka.pl/colgate-colgate-max-white-pasta-do-zebow-white-crystal-100-ml-0000019871.html", "title": "Colgate Max White Pasta do zębów White Crystal 100 ml", "brand": "Colgate", "price": "12.99 PLN", "packaging_details": "100ml- 0,13 zł / ml", "description_sections": [{"header": "Opis produktu", "content": "Colgate MaxWhite Crystal Mint pasta wybielająca do zębów jest nasycona setkami białych mikro-kryształków. Podczas szczotkowania kryształki rozpuszczają się, a z formuły pasty uwalniana jest wybielająca siła, która zapewnia śnieżnobiałą biel Twoim zębom. W ten sposób pasta przywraca olśniewający i naturalnie biały uśmiech. Dodatkowo, doskonale odświeża oddech i walczy z próchnicą. Zapewnia szybkie i skuteczne działanie wybielające - zęby stają się widocznie bielsze o 1 odcień już w 1 tydzień. Specjalna formuła pasty zawiera Przyspieszacze Wybielania ze składnikami podobnymi do tych używanych przez dentystów. Dzięki temu efektywnie usuwa przebarwienia i przeciwdziała osadzaniu się kamienia nazębnego. Systematyczne stosowanie pasty pozwala zachować efekt bielszych zębów na dłużej. Producent: Colgate-Palmolive Services (Poland) Sp. z o.o. ; Adres producenta: ul. Taśmowa 7, 02-677 Warszawa, Polska ; Adres elektroniczny producenta: colgatepalmolive.com ; Podmiot odpowiedzialny w UE: Colgate-Palmolive Europe Sarl ; Adres podmiotu odpowiedzialnego w UE: Colgate-Palmolive Europe Sarl, 4106, Therwil\\Switzerland ; Adres elektroniczny podmiotu odpowiedzialnego w UE: colgatepalmolive.com"}, {"header": "Składniki i alergeny", "content": "Składniki:Sorbitol, Aqua, Hydrated Silica, Sodium Lauryl Sulfate, Aroma, PEG 12, Tetrasodium Pyrophosphate, Cellulose Gum, Cocamidopropyl Betaine, Sodium Saccharin, Sodium Fluoride, Hydroxypropyl Methylcellulose, Limonene, Cl 77891, Cl 74160 Sodium fluoride 0,22% w/w (1000 ppm F)"}, {"header": "Pozostałe informacje", "content": "Kraj pochodzenia:PolskaKraj pochodzenia zależy od konkretnej partii produktu jaka znajduje się w sklepie. Informację o kraju pochodzenia znajdziesz na opakowaniu. Możesz również dodać komentarz z preferowanym typem produktu w koszyku lub wiadomości dla shoppera (np. “prosze o pomidory polskie”).Dystrybutor:Colgate-Palmolive Services (Poland) Sp. z o.o.ul. Taśmowa 7 02-677 Warszawakonsument_poland@colpal.comNazwa wymagana prawnie:Colgate Max White White Crystal Pasta do zębów 100 ml"}], "images": ["data/images/38a4e36b8b36996ca199b05b15475d2b.jpg", "data/images/27532e53ae21b68c0aadf7ebf2363cd6.jpg"], "absolute_path": "Drogeria/Pielęgnacja jamy ustnej/Pasty do zębów/Produkt 3"}
{"name": "Produkt 6", "url": "https://zakupy.biedronka.pl/elmex-elmex-pasta-do-zebow-junior-6-12-lat-75-ml-0000004817.html", "title": "Elmex Pasta do zębów Junior 6-12 lat 75 ml", "brand": "Elmex", "price": "16.49 PLN", "packaging_details": "0.075l- 329,80 zł / l", "description_sections": [{"header": "Opis produktu", "content": "Nowe zęby stałe dziecka potrzebują specjalnej ochrony, aby były mocne. Szczotkowanie zębów pastą elmex Junior 6-12 lat pomaga wzmocnić zęby dzięki przywróceniu minerałów osłabionemu szkliwu dla ochrony przed próchnicą. Podczas wyżynania się nowych, stałch zębów ich szkliwo nie jest jeszcze wystarczająco twarde, przez co zęby są bardziej narażone na próchnicę. We wczesnym etapie proces powstawania próchnicy może zostać zatrzymany i cofnięty dzięki używaniu specjalistycznej pasty do zębów."}, {"header": "Pozostałe informacje", "content": "Producent:Producent:\n\n\n\n\nOsoba odpowiedzialna EU:Nazwa wymagana prawnie:Pasta do zębów elmex Junior 6-12 lat 75ml"}], "images": ["data/images/00a93056cf39abad3993d05587ff4b14.jpg", "data/images/430c70ea4dde06908fdbcd2724dee4c4.jpg"], "absolute_path": "Drogeria/Pielęgnacja jamy ustnej/Pasty do zębów/Produkt 6"}
{"name": "Produkt 1", "url": "https://zakupy.biedronka.pl/jordan-jordan-ultralite-medium-szczoteczka-do-zebow-1-szt.-0000010855.html", "title": "Jordan Ultralite Medium Szczoteczka do zębów 1 szt.", "brand": "Jordan", "price": "9.99 PLN", "packaging_details": "1szt.- 9,99 zł / szt", "description_sections": [{"header": "Opis produktu", "content": "\"Ultralekka szczoteczka o wadze 9,2 grama – to o 50% mniej niż tradycyjna szczoteczka do zębów;Włosie o różnej długości oraz kącie nachylenia dla skutecznego oraz precyzyjnego czyszczenia zębów;\""}, {"header": "Pozostałe informacje", "content": "Kraj pochodzenia:NorwegiaKraj pochodzenia zależy od konkretnej partii produktu jaka znajduje się w sklepie. Informację o kraju pochodzenia znajdziesz na opakowaniu. Możesz również dodać komentarz z preferowanym typem produktu w koszyku lub wiadomości dla shoppera (np. “prosze o pomidory polskie”).Producent:Orkla Care S.A.Fabryczna 5a 00-446 Warszawa PLaleksandra.jakubik@orklacare.plDystrybutor:ORKLA CARE S.A.Fabryczna 5a 00-446 Warszawaaleksandra.jakubik@orklacare.plNazwa wymagana prawnie:JORDAN szczot. Ultralite Medium"}], "images": ["data/images/0e0b310423ecb7f6b552cdb5ad3f79d2.jpg", "data/images/732a0b03b6619a0d904b3d9c17da0842.jpg"], "absolute_path": "Drogeria/Pielęgnacja jamy ustnej/Szczoteczki do zębów/Produkt 1"}
{"name": "Produkt 8", "url": "https://zakupy.biedronka.pl/elmex-elmex-pasta-do-zebow-dla-dzieci-0-6-lat-50-ml-0000004818.html", "title": "Elmex Pasta do zębów dla dzieci 0-6 lat 50 ml", "brand": "Elmex", "price": "16.49 PLN", "packaging_details": "0.05l- 329,80 zł / l", "description_sections": [{"header": "Pozostałe informacje", "content": "Producent:Wybrzeże Gdyńskie 6D, 01-531 WarszawaNazwa wymagana prawnie:Pasta do zębów elmex dla dzieci 0-6 lat z zawartością fluoru 1000ppm"}], "images": ["data/images/28d2ce2a7ad3d3dba2faf4b6b136c728.jpg"], "absolute_path": "Drogeria/Pielęgnacja jamy ustnej/Pasty do zębów/Produkt 8"}
{"name": "Produkt 7", "url": "https://zakupy.biedronka.pl/aquafresh-aquafresh-splash-pasta-do-zebow-z-fluorkiem-50-ml-0000024585.html", "title": "Aquafresh Splash Pasta do zębów z fluorkiem 50 ml", "brand": "Aquafresh", "price": "8.99 PLN", "packaging_details": "0.05l- 179,80 zł / l", "description_sections": [{"header": "Składniki i alergeny", "content": "Składniki:Aqua,Hydrated Silica,Sorbitol,Glycerin,PEG-6,Xanthan Gum,Carrageenan,Sodium Fluoride,Alumina,Cocamidopropyl Betaine,Sodium Methyl Cocoyl Taurate,Aroma,Steviol Glycosides,CI 73360"}, {"header": "Przechowywanie i sposób przygotowania", "content": "Sposób podania:Przestrzegaj zdrowej diety i szczotkuj zęby dwa razy dziennie pastą z fluorkiem. Poziom ochrony może się zmniejszyć pomiędzy szczotkowaniami."}, {"header": "Pozostałe informacje", "content": "Producent:Haleon,\nLevice 934 01,\nSK\n\nInfolinia dla konsumenta: 800 702 849;\ne-mail: mystory.pl@haleon.comDystrybutor:Jeronimo Martins Polska S.A.Żniwna 5 62-025 Kostrzyn PLImporter:Jeronimo Martins Polska S.A.Żniwna 5 62-025 Kostrzyn PLNazwa wymagana prawnie:Aquafresh Splash Pasta do zębów z fluorkiem 50 ml"}], "images": ["data/images/5e686f8b3c844cee95bd586a2e598c1f.jpg", "data/images/8e1c587c7b867e7914ce8fccb03449ec.jpg"], "absolute_path": "Drogeria/Pielęgnacja jamy ustnej/Pasty do zębów/Produkt 7"}
{"name": "Produkt 9", "url": "https://zakupy.biedronka.pl/aquafresh-aquafresh-little-teeth-pasta-do-zebow-z-fluorkiem-50-ml-0000017120.html", "title": "Aquafresh Little Teeth Pasta do zębów z fluorkiem 50 ml", "brand": "Aquafresh", "price": "8.99 PLN", "packaging_details": "0.05l- 179,80 zł / l", "description_sections": [{"header": "Opis produktu", "content": "Aquafresh Little Teeth to pasta do zębów stworzona przez lekarzy dentystów specjalnie dla dzieci w wieku od 3 do 5 lat, których ząbki wymagają starannej pielęgnacji. Aby zagwarantować im skuteczną ochronę i jednocześnie odpowiednią higienę jamy ustnej, pasta zawiera połączenie starannie wyselekcjonowanych składników. Dzięki wzbogaceniu fluorkiem, Aquafresh Little Teeth zapewnia także delikatną ochronę przed szkodliwym działaniem kwasów cukrowych i próchnicą. Formuła pasty jest odpowiednia w pielęgnacji mlecznych zębów oraz pomaga zadbać o delikatne dziąsła dziecka, które mogą podrażniać się w czasie szczotkowania. Dzięki temu ząbki Twojego dziecka stają się zdrowsze i silniejsze, a codziennie mycie zamienia się w świetną zabawę! Wybierz pastę Aquafresh Little Teeth i zadbaj o piękny uśmiech Twojej pociechy!Subrand:Little Teeth"}, {"header": "Składniki i alergeny", "content": "Składniki:Aqua,Hydrated Silica,Sorbitol,Glycerin,PEG-6,Xanthan Gum,Aroma,Cocamidopropyl Betaine,Sodium Methyl Cocoyl Taurate,Sodium Fluoride,Steviol Glycosides,CI 74160,CI 74260"}, {"header": "Pozostałe informacje", "content": "Producent:Haleon,\nLevice 934 01,\nSK\n\nInfolinia dla konsumenta: 800 702 849;\ne-mail: mystory.pl@haleon.com\nwww.haleon.comNazwa wymagana prawnie:Aquafresh Little Teeth Pasta do zębów z fluorkiem 50 ml"}], "images": ["data/images/d6cc850a3c9e5d8c1ced865c88056541.jpg", "data/images/1158e16d22d3f5249bf643bf9dd12055.jpg"], "absolute_path": "Drogeria/Pielęgnacja jamy ustnej/Pasty do zębów/Produkt 9"}
{"name": "Produkt 1", "url": "https://zakupy.biedronka.pl/queen-queen-papier-toaletowy-premium-super-soft-10-rolek-0000006953.html", "title": "Queen Papier toaletowy Premium super soft 10 rolek", "brand": "Queen", "price": "19.99 PLN", "packaging_details": "10szt.- 2,00 zł / szt", "description_sections": [{"header": "Opis produktu", "content": "100% celulozy, jakość testowana dermatologicznie i mikrobiologicznie, bezpieczny dla skóry, neutralne PH, super miękki."}, {"header": "Pozostałe informacje", "content": "Kraj pochodzenia:Unia EuropejskaKraj pochodzenia zależy od konkretnej partii produktu jaka znajduje się w sklepie. Informację o kraju pochodzenia znajdziesz na opakowaniu. Możesz również dodać komentarz z preferowanym typem produktu w koszyku lub wiadomości dla shoppera (np. “prosze o pomidory polskie”).Producent:Jeronimo Martins Polska S.A.Dystrybutor:Jeronimo Martins Polska S.A.Żniwna 5 62-025 KostrzynImporter:Jeronimo Martins Polska S.A.Żniwna 5 62-025 Kostrzyn PLNazwa wymagana prawnie:Papier toaletowy"}], "images": ["data/images/b5954606736180d7b584414fa267ccc0.jpg"], "absolute_path": "Drogeria/Papier toaletowy i chusteczki/Papier toaletowy/Produkt 1"}
{"name": "Produkt 4", "url": "https://zakupy.biedronka.pl/colgate-colgate-max-white-charcoal-szczoteczka-do-zebow-miekka-2-szt.-0000002123.html", "title": "Colgate Max White Charcoal Szczoteczka do zębów miękka 2 szt.", "brand": "Colgate", "price": "12.99 PLN", "packaging_details": "2szt.- 6,50 zł / szt", "description_sections": [{"header": "Opis produktu", "content": "Szczoteczka do zębów Colgate Max White Charcoal 1 + 1, to szczoteczka, która pomoże w przywróceniu Twoim zębom ich naturalnej bieli. Unikalna powierzchnia polerująca w kształcie gwiazdy oraz specjalnie zaprojektowane ułożenie włókien w połączeniu z węglem aktywnym, którym nasycone są włókna szczoteczki pomagą usunąć zanieczyszczenia i przebarwienia. Ergonomiczny kształt zapewni maksymalną wygodę podczas szczotkowania. W opakowaniu 1 szczoteczka do zebów Colgate Max White GRATIS!Zalety szczoteczki do zębów Colgate Max White Charcoal 1+1:- Miękka twardość włosia- Unikalna powierzchnia polerująca w kształcie gwiazdy- Specjalne ułożenie włókien pomagające usuwać przebarwienia- Włókna nasycone węglem aktywnym- Ergonomiczny kształt dla maksymalnej wygody i komfortu podczas szczotkowania- 1 sztuka szczoteczki GRATISColgate w trosce o środowisko.Opakowanie szczoteczki w 50% zawiera surowce pochodzące z recyklingu.*W porównaniu ze szczotkowaniem samych zębów regularną szczoteczką z równymi włóknami.By zapobiegać gromadzeniu się bakterii wymieniaj swoją szczoteczkę co 3 miesiące lub po każdej infekcji. Nowa szczoteczka uwuwa 95% więcej płytki nazębnej spomiędzy zębów niż szczoteczka używana przez 3 miesiące.Producent: Colgate-Palmolive Services (Poland) Sp. z o.o. ; Adres producenta: ul. Taśmowa 7, 02-677 Warszawa, Polska ; Adres elektroniczny producenta: colgatepalmolive.com ; Podmiot odpowiedzialny w UE: Colgate-Palmolive Europe Sarl ; Adres podmiotu odpowiedzialnego w UE: Colgate-Palmolive Europe Sarl, 4106, Therwil\\Switzerland ; Adres elektroniczny podmiotu odpowiedzialnego w UE: colgatepalmolive.com"}, {"header": "Pozostałe informacje", "content": "Kraj pochodzenia:ChinyKraj pochodzenia zależy od konkretnej partii produktu jaka znajduje się w sklepie. Informację o kraju pochodzenia znajdziesz na opakowaniu. Możesz również dodać komentarz z preferowanym typem produktu w koszyku lub wiadomości dla shoppera (np. “prosze o pomidory polskie”).Nazwa wymagana prawnie:Colgate Max White Charcoal Szczoteczka do zębów miękka 2 sztuki"}], "images": ["data/images/9a6679ec0dd41d2c7f93a8211674d23a.jpg", "data/images/ada9d326d44a491b2b96238e18d47dc0.jpg", "data/images/7bcc31c833ce6372f934550c54cc9983.jpg"], "absolute_path": "Drogeria/Pielęgnacja jamy ustnej/Szczoteczki do zębów/Produkt 4"}
{"name": "Produkt 2", "url": "https://zakupy.biedronka.pl/jordan-jordan-ultralite-soft-szczoteczka-do-zebow-1-szt.-0000010854.html", "title": "Jordan Ultralite Soft szczoteczka do zębów 1 szt.", "brand": "Jordan", "price": "9.99 PLN", "packaging_details": "1szt.- 9,99 zł / szt", "description_sections": [{"header": "Opis produktu", "content": "\"Ultralekka szczoteczka o wadze 9,2 grama – to o 50% mniej niż tradycyjna szczoteczka do zębów;Włosie o różnej długości oraz kącie nachylenia dla skutecznego oraz precyzyjnego czyszczenia zębów;\""}, {"header": "Pozostałe informacje", "content": "Kraj pochodzenia:NorwegiaKraj pochodzenia zależy od konkretnej partii produktu jaka znajduje się w sklepie. Informację o kraju pochodzenia znajdziesz na opakowaniu. Możesz również dodać komentarz z preferowanym typem produktu w koszyku lub wiadomości dla shoppera (np. “prosze o pomidory polskie”).Producent:Orkla Care S.A.Fabryczna 5a 00-446 Warszawa PLaleksandra.jakubik@orklacare.plDystrybutor:ORKLA CARE S.A.Fabryczna 5a 00-446 Warszawaaleksandra.jakubik@orklacare.plNazwa wymagana prawnie:JORDAN szczot. Ultralite Soft"}], "images": ["data/images/9e244f6afd312740c61d1b9d269ef934.jpg", "data/images/bffd866494f588944d75fbe520197e66.jpg"], "absolute_path": "Drogeria/Pielęgnacja jamy ustnej/Szczoteczki do zębów/Produkt 2"}
{"name": "Produkt 3", "url": "https://zakupy.biedronka.pl/jordan-jordan-ultralite-sensitive-soft-szczoteczka-do-zebow-1-szt.-0000010853.html", "title": "Jordan Ultralite Sensitive Soft Szczoteczka do zębów 1 szt.", "brand": "Jordan", "price": "9.99 PLN", "packaging_details": "1szt.- 9,99 zł / szt", "description_sections": [{"header": "Opis produktu", "content": "\"Ultralekka szczoteczka o wadze 9,2 grama – to o 50% mniej niż tradycyjna szczoteczka do zębów;Włosie o różnej długości oraz kącie nachylenia dla skutecznego oraz precyzyjnego czyszczenia zębów;\""}, {"header": "Pozostałe informacje", "content": "Kraj pochodzenia:NorwegiaKraj pochodzenia zależy od konkretnej partii produktu jaka znajduje się w sklepie. Informację o kraju pochodzenia znajdziesz na opakowaniu. Możesz również dodać komentarz z preferowanym typem produktu w koszyku lub wiadomości dla shoppera (np. “prosze o pomidory polskie”).Producent:Orkla Care S.A.Fabryczna 5a 00-446 Warszawa PLaleksandra.jakubik@orklacare.plDystrybutor:ORKLA CARE S.A.Fabryczna 5a 00-446 Warszawaaleksandra.jakubik@orklacare.plNazwa wymagana prawnie:JORDAN szczot. Ultralite Sensitive Soft"}], "images": ["data/images/8ffc35270b798935e02cf218799ee0c4.jpg", "data/images/4aa28afde69aebddb6d343dda8caac28.jpg"], "absolute_path": "Drogeria/Pielęgnacja jamy ustnej/Szczoteczki do zębów/Produkt 3"}
{"name": "Produkt 5", "url": "https://zakupy.biedronka.pl/colgate-colgate-max-white-szczoteczka-do-zebow-srednia-2-szt.-0000002121.html", "title": "Colgate Max White Szczoteczka do zębów średnia 2 szt.", "brand": "Colgate", "price": "12.99 PLN", "packaging_details": "2szt.- 6,50 zł / szt", "description_sections": [{"header": "Opis produktu", "content": "Szczoteczka do zębów Colgate Max White 1 + 1 gratis, to szczoteczka, która pomoże w przywróceniu Twoim zębom ich naturalnej bieli. Unikalna powierzchnia polerująca w kształcie gwiazdy oraz specjalnie zaprojektowane ułożenie włókien, pomagą usunąć przebarwienia. Ergonomiczny kształt zapewni maksymalną wygodę podczas szczotkowania. W opakowaniu 1 szczoteczka do zebów Colgate Max White GRATIS! Zalety szczoteczki do zębów Colgate Max White 1+1: - Średnia\\ twardość włosia - Unikalna powierzchnia polerująca - Specjalne ułożenie włókien pomagające usuwać przebarwienia - Ergonomiczny kształt dla maksymalnej wygody i komfortu podczas szczotkowania - 1 sztuka szczoteczki GRATIS By zapobiegać gromadzeniu się bakterii wymieniaj swoją szczoteczkę co 3 miesiące lub po każdej infekcji. Nowa szczoteczka uwuwa 95% więcej płytki nazębnej spomiędzy zębów niż szczoteczka używana przez 3 miesiące."}, {"header": "Pozostałe informacje", "content": "Kraj pochodzenia:ChinyKraj pochodzenia zależy od konkretnej partii produktu jaka znajduje się w sklepie. Informację o kraju pochodzenia znajdziesz na opakowaniu. Możesz również dodać komentarz z preferowanym typem produktu w koszyku lub wiadomości dla shoppera (np. “prosze o pomidory polskie”).Nazwa wymagana prawnie:Colgate Max White Szczoteczka do zębów średnia 2 sztuki"}], "images": ["data/images/d4663a22139afed6d8f9d68ff5946e2a.jpg", "data/images/865bc3fee09eafb62c721cebcfeec737.jpg", "data/images/d9a5a783cb3ce93fb8bcde08d4be5297.jpg", "data/images/53709ea1daaa1c3f2eb7367197e753b4.jpg"], "absolute_path": "Drogeria/Pielęgnacja jamy ustnej/Szczoteczki do zębów/Produkt 5"}
{"name": "Produkt 4", "url": "https://zakupy.biedronka.pl/regina-regina-papier-toaletowy-rumiankowy-16-rolek-0000002174.html", "title": "Regina Papier toaletowy Rumiankowy 16 rolek", "brand": "Regina", "price": "28.99 PLN", "packaging_details": "16szt.- 1,81 zł / szt", "description_sections": [{"header": "Opis produktu", "content": "Papier Rumiankowy Regina jest niezwykle miękki i trwały w porównaniu z tradycyjnym papierem toaletowym. Co więcej, niepowtarzalny zapach rumianku sprawia, że jest tak subtelny i delikatny jak kwiat, którym jest inspirowany.Papier toaletowy 16 rolekCharakterystyka produktu (1 rolka)Warstwy: 3Listki: 150Rozmiar listka: 12 x 9,5 cm*Długość: 18 m*Wykonano z czystej celulozy*tolerancja: ±5%"}, {"header": "Pozostałe informacje", "content": "Producent:Sofidel Poland Sp. z o.o.\nul. Mleczarska 31\n06-400 CiechanówDystrybutor:Sofidel Poland Sp. z o.o.Mleczarska 31 06-400 Ciechanówmarketing.polska@sofidel.comNazwa wymagana prawnie:Papier toaletowy"}], "images": ["data/images/6e99516d6428f4082afe122c302aaafb.jpg"], "absolute_path": "Drogeria/Papier toaletowy i chusteczki/Papier toaletowy/Produkt 4"}
{"name": "Produkt 6", "url": "https://zakupy.biedronka.pl/queen-queen-papier-toaletowy-supreme-premium-comfort-9-rolek-0000010391.html", "title": "Queen Papier toaletowy Supreme premium comfort 9 rolek", "brand": "Queen", "price": "19.99 PLN", "packaging_details": "9szt.- 2,22 zł / szt", "description_sections": [{"header": "Pozostałe informacje", "content": "Dystrybutor:Jeronimo Martins Polska S.A.Żniwna 5 62-025 KostrzynNazwa wymagana prawnie:Papier toaletowy"}], "images": ["data/images/2632f4d53c4e460cb6ff3b7d492aaaa1.jpg"], "absolute_path": "Drogeria/Papier toaletowy i chusteczki/Papier toaletowy/Produkt 6"}
{"name": "Produkt 5", "url": "https://zakupy.biedronka.pl/queen-queen-nawilzany-papier-toaletowy-splukiwalny-50-szt.-0000018721.html", "title": "Queen Nawilżany papier toaletowy spłukiwalny 50 szt.", "brand": "Queen", "price": "4.99 PLN", "packaging_details": "50szt.- 0,10 zł / szt", "description_sections": [{"header": "Opis produktu", "content": "Papier toaletowy AQUA działa delikatnie i skutecznie. Idealny do codziennej higieny i pielęgnacji. Bezpieczny dla mikrobiomu skóry, który stanowi naturalną ochronę przed działaniem czynników zewnętrznych. Daje poczucie świeżości i komfortu. Płyn nawilżający zawiera organiczny ekstrakt z owoców słodkiej pomarańczy. Papier nawilżany można spłukiwać w toalecie. Produkt przebadany dermatologicznie."}, {"header": "Pozostałe informacje", "content": "Producent:Ecowipes sp. z o.o.Dystrybutor:Jeronimo Martins Polska S.A.Żniwna 5 62-025 KostrzynImporter:Jeronimo Martins Polska S.A.Żniwna 5 62-025 Kostrzyn PLNazwa wymagana prawnie:Nawilżany papier toaletowy spłukiwalny QUEEN AQUA"}], "images": ["data/images/e94e2bdf4f837db9493951096eb85992.jpg", "data/images/109b2cb37347260d8951091890e9e199.jpg"], "absolute_path": "Drogeria/Papier toaletowy i chusteczki/Papier toaletowy/Produkt 5"}
{"name": "Produkt 2", "url": "https://zakupy.biedronka.pl/queen-queen-papier-toaletowy-komfort-soft-and-strong-10-rolek-0000003780.html", "title": "Queen Papier toaletowy Komfort Soft & Strong 10 rolek", "brand": "Queen", "price": "17.99 PLN", "packaging_details": "10szt.- 1,80 zł / szt", "description_sections": [{"header": "Opis produktu", "content": "100% celulozy. Niebielony chlorem pierwiastkowym. Posiada atest NIZP-PZH nr 7 7.7B.60412.279.2022 ważny do 21\\12\\2025. Jakość testowana dermatologicznie i mikrobiologicznie. Bezpieczny dla skóry. Neutralne PH. Miękki i wytrzymały.30% folii z recyklatu."}, {"header": "Pozostałe informacje", "content": "Kraj pochodzenia:Unia EuropejskaKraj pochodzenia zależy od konkretnej partii produktu jaka znajduje się w sklepie. Informację o kraju pochodzenia znajdziesz na opakowaniu. Możesz również dodać komentarz z preferowanym typem produktu w koszyku lub wiadomości dla shoppera (np. “prosze o pomidory polskie”).Producent:Jeronimo Martins Polska S.A.Dystrybutor:Jeronimo Martins Polska S.A.Żniwna 5 62-025 KostrzynImporter:Jeronimo Martins Polska S.A.Żniwna 5 62-025 Kostrzyn PLNazwa wymagana prawnie:Papier toaletowy"}], "images": ["data/images/dfd76b56feeae53868816c1bed351bca.jpg"], "absolute_path": "Drogeria/Papier toaletowy i chusteczki/Papier toaletowy/Produkt 2"}
{"name": "Produkt 3", "url": "https://zakupy.biedronka.pl/queen-queen-nawilzany-papier-toaletowy-splukiwalny-zielona-herbata-60-szt.-0000006859.html", "title": "Queen Nawilżany papier toaletowy spłukiwalny Zielona herbata 60 szt.", "brand": "Queen", "price": "4.79 PLN", "packaging_details": "60szt.- 0,08 zł / szt", "description_sections": [{"header": "Opis produktu", "content": "Nawilżany papier toaletowy QUEEN o przyjemnym zapachu zielonej herbaty, z płyn z ekstraktem rumianku, alantoiną i pantenolem, skutecznie i łagodnie oczyszcza i pielęgnuje nawet najwrażliwsze części ciała, nie naruszając mikrobiomu skóry, który stanowi naturalną barierę ochronną przed działaniem czynników zewnętrznych. Produkt zapewnia uczucie świeżości i czystości, nie powodując podrażnień. Każdy listek, wytwarzany z włókien celulozowych spełnia standardy spłukiwalności, a przy tym jest jednocześnie mocny i trwały - nie rozrywa się podczas użytkowania."}, {"header": "Pozostałe informacje", "content": "Kraj pochodzenia:PolskaKraj pochodzenia zależy od konkretnej partii produktu jaka znajduje się w sklepie. Informację o kraju pochodzenia znajdziesz na opakowaniu. Możesz również dodać komentarz z preferowanym typem produktu w koszyku lub wiadomości dla shoppera (np. “prosze o pomidory polskie”).Producent:EcoWipes EWS Sp. z o.o.Dystrybutor:Jeronimo Martins Polska S.A.Żniwna 5 62-025 KostrzynImporter:Jeronimo Martins Polska S.A.Żniwna 5 62-025 Kostrzyn PLNazwa wymagana prawnie:Nawilżany papier toaletowy spłukiwalny Zielona herbata"}], "images": ["data/images/a8ba0783bff9abd6e8f8db46592612cc.jpg", "data/images/59249f8df1b7d71bd43f5060a7d48fc2.jpg", "data/images/a6dc428c1ce0f9761249c115724b8701.jpg"], "absolute_path": "Drogeria/Papier toaletowy i chusteczki/Papier toaletowy/Produkt 3"}
{"name": "Produkt 2", "url": "https://zakupy.biedronka.pl/pampers-pampers-premium-care-2-kg-5-kg-rozm.-1-50-szt.-0000014704.html", "title": "Pampers Premium Care 2 kg-5 kg rozm. 1 50 szt.", "brand": "Pampers", "price": "44.99 PLN", "packaging_details": "50szt.- 0,90 zł / szt", "description_sections": [{"header": "Opis produktu", "content": "PODWÓJNA OCHRONA: skóry i przed przeciekaniem. Najlepszy komfort i ochrona wrażliwej skóry od Pampers - testowane i zatwierdzone uśmiechem dzieci! Stworzyliśmy pieluszkę Pampers nr 1 specjalnie dla delikatnej skóry noworodków. To także numer 1 w ochronie przed przeciekaniem. Pieluszki Pampers Premium Care zapewniają najlepszą ochronę dzięki 1) NATYCHMIASTOWEMU WCHŁANIANIU - ponad 1000 chłonnych mikroporów natychmiast wchłania wilgoć i zabrudzenia, utrzymując je z dala od skóry, która dzięki temu pozostaje sucha. 2) UNIKALNA KIESZONKA STOP & PROTECT zapobiega przeciekaniu pieluszek z tyłu. 3) WYJĄTKOWO MIĘKKI MATERIAŁ otula skórę dziecka, zapewniając mu komfort i ochronę. Oraz 4) nasz unikalny wzór COMFORT FIT z nakładającym się systemem zapinania i wycięciem na pępek. Produkty Pampers Premium Care są w 100% bezpieczne dla skóry Twojego dziecka - zostały przetestowane dermatologicznie i zatwierdzone przez dermatologów z organizacji Skin Health Alliance. Noworodki są zachwycone!Subrand:Premium Care"}, {"header": "Składniki i alergeny", "content": "Składniki:Petrolatum, Stearyl Alcohol, Paraffinum Liquidum, Aloe Barbadensis Leaf Extract"}, {"header": "Pozostałe informacje", "content": "Kraj pochodzenia:PolskaKraj pochodzenia zależy od konkretnej partii produktu jaka znajduje się w sklepie. Informację o kraju pochodzenia znajdziesz na opakowaniu. Możesz również dodać komentarz z preferowanym typem produktu w koszyku lub wiadomości dla shoppera (np. “prosze o pomidory polskie”).Producent:Procter & Gamble Service Gmbh, 65823 Schwalbach am TaunusNazwa wymagana prawnie:Pampers Premium Care rozmiar 1, 50 pieluszki, 2kg-5kg"}], "images": ["data/images/4846cfdee3d589c7047bfa2eda63735d.jpg"], "absolute_path": "Drogeria/Papier toaletowy i chusteczki/Pieluchy/Produkt 2"}
{"name": "Produkt 3", "url": "https://zakupy.biedronka.pl/dada-extra-care-dada-extra-care-pieluchy-rozmiar-1-26-szt.-0000009536.html", "title": "Dada Extra Care Pieluchy rozmiar 1 26 szt.", "brand": "Dada Extra Care", "price": "13.99 PLN", "packaging_details": "26szt.- 0,54 zł / szt", "description_sections": [{"header": "Opis produktu", "content": "Jedyna pieluszka w Polsce stworzona we współpracy z Instytutem Matki i DzieckaPieluszki Dada Extra Care z technologią Climaflex® zostały stworzone z myślą o najwyższym komforcie Twojego Maluszka. Superchłonny wkład zapewnia niezawodną ochronę przed wilgocią i odprowadza ciepło na zewnątrz, by jak najlepiej zapobiegać powstawaniu podrażnień.Unikalny kształt kanalika chłonnego sprawia, że wilgoć jest szybko wiązana we wnętrzu, aby wspierać utrzymanie suchej skóry dziecka. Dzięki zastosowanej technologii pieluszka jest cieńsza i bardziej elastyczna, dzięki czemu Maluszek może cieszyć się pełną swobodą ruchu."}, {"header": "Pozostałe informacje", "content": "Kraj pochodzenia:Unia EuropejskaKraj pochodzenia zależy od konkretnej partii produktu jaka znajduje się w sklepie. Informację o kraju pochodzenia znajdziesz na opakowaniu. Możesz również dodać komentarz z preferowanym typem produktu w koszyku lub wiadomości dla shoppera (np. “prosze o pomidory polskie”).Producent:Jeronimo Martins Polska S.A.Dystrybutor:Jeronimo Martins Polska S.A.Żniwna 5 62-025 Kostrzyn PLJeronimo Martins Polska S.A.Żniwna 5 62-025 KostrzynImporter:Jeronimo Martins Polska S.A.Żniwna 5 62-025 Kostrzyn PLbok@biedronka.plNazwa wymagana prawnie:Pieluszki Dada Extra Care z technologią Climaflex"}], "images": ["data/images/7d726ca574b74c6cb4f8c1749d96b1a7.jpg", "data/images/9f65842a68c4861c98d63d71682d7d1e.jpg", "data/images/8700605110600507acba0d9ade2c4ca0.jpg", "data/images/e8894637ae1e1ad2e3b17e7f9d19dfa7.jpg"], "absolute_path": "Drogeria/Papier toaletowy i chusteczki/Pieluchy/Produkt 3"}
{"name": "Produkt 1", "url": "https://zakupy.biedronka.pl/dada-dada-chusteczki-nawilzane-dla-dzieci-i-niemowlat-3x72-szt.-0000004871.html", "title": "Dada Chusteczki nawilżane dla dzieci i niemowląt 3x72 szt.", "brand": "Dada", "price": "9.99 PLN", "packaging_details": "216szt.- 0,05 zł / szt", "description_sections": [{"header": "Opis produktu", "content": "Delikatne chusteczki przeznaczone do łagodnego, a jednocześnie skutecznego oczyszczania skóry dzieci i niemowląt nie naruszają mikrobiomu skóry, który stanowi naturalną ochronę przed działaniem czynników zewnętrznych. Płyn nawilżający zawiera ekstrakt z rumianku, alantoinę i glicerynę. Woda używana do produkcji chusteczek nawilżanych przechodzi proces 4-etapowej filtracji. Pozytywna opinia Instytutu Matki i Dziecka nr Op-5530\\2023"}, {"header": "Pozostałe informacje", "content": "Nazwa wymagana prawnie:Delikatne chusteczki"}], "images": ["data/images/6b490c5f6c2cef57304f3f538e39fc91.jpg", "data/images/997bfae5ae010469522092320f279351.jpg"], "absolute_path": "Drogeria/Papier toaletowy i chusteczki/Chusteczki nawilżane/Produkt 1"}
{"name": "Produkt 1", "url": "https://zakupy.biedronka.pl/pampers-pampers-pants-pieluchomajtki-rozmiar-5-12-17-kg-28-szt.-0000008048.html", "title": "Pampers Pants Pieluchomajtki rozmiar 5 12-17 kg 28 szt.", "brand": "Pampers", "price": "48.89 PLN", "packaging_details": "28szt.- 1,75 zł / szt", "description_sections": [{"header": "Opis produktu", "content": "Gdy Twoje dziecko zaczyna być bardziej aktywne, potrzebujesz pieluszki, która nadąży za jego nowymi ruchami. Dzięki rewolucyjnemu systemowi Stop & Protect pieluchomajtki Pampers Active Baby zapewniają doskonałą ochronę przed przeciekaniem niezależnie od tego, w jakiej pozycji znajdzie się Twój maluch - w dzień i w nocy System Stop & Protect w pieluchomajtkach Pampers Active Baby obejmuje 2 razy szersze* osłonki wokół nogawek, które pomagają zapobiegać przeciekaniu przy nóżkach, kieszonkę zapobiegającą przeciekaniu z tyłu i elastyczną taśmę wokół talii, zapewniającą dopasowanie 360°, które dostosowuje się do wiercącego się maluszka, jak również superchłonny wkład, zapewniający do 12 godzin ochrony. Podobnie jak wszystkie nasze pieluchomajtki, Pampers Active Baby łatwo się zmienia, nawet gdy dziecko się wierci: wystarczy jeden ruch, aby je założyć. Żeby zdjąć pieluchomajtki, musisz tylko rozedrzeć ich boczki, a przed wyrzuceniem zwinąć je i zabezpieczyć je taśmą. Zarówno dla Ciebie, jak i dla marki Pampers dobro dziecka jest na pierwszym miejscu: Pieluchomajtki Pampers Active Baby zostały przetestowane dermatologicznie i zatwierdzone przez dermatologów z organizacji Skin Health Alliance. Chcesz dowiedzieć się więcej o komponentach i składnikach stosowanych przez Pampers? Odwiedź stronę pampers.pl. * w porównaniu z poprzednimi.Subrand:Pants"}, {"header": "Składniki i alergeny", "content": "Składniki:Petrolatum, Stearyl Alcohol, Paraffinum Liquidum, Aloe Barbadensis Leaf Extract"}, {"header": "Pozostałe informacje", "content": "Kraj pochodzenia:PolskaKraj pochodzenia zależy od konkretnej partii produktu jaka znajduje się w sklepie. Informację o kraju pochodzenia znajdziesz na opakowaniu. Możesz również dodać komentarz z preferowanym typem produktu w koszyku lub wiadomości dla shoppera (np. “prosze o pomidory polskie”).Producent:Procter & Gamble Service Gmbh, 65823 Schwalbach am TaunusNazwa wymagana prawnie:Pieluchomajtki Pampers Active Baby, rozmiar 5, pieluszki 28, 11kg-17kg"}], "images": ["data/images/4def8fcc52d5e1bbac586be89fe07890.jpg"], "absolute_path": "Drogeria/Papier toaletowy i chusteczki/Pieluchy/Produkt 1"}
{"name": "Produkt 7", "url": "https://zakupy.biedronka.pl/dada-dada-nawilzany-splukiwalny-papier-toaletowy-o-zapachu-maliny-60-szt.-0000005499.html", "title": "Dada Nawilżany spłukiwalny papier toaletowy o zapachu maliny 60 szt.", "brand": "Dada", "price": "4.79 PLN", "packaging_details": "60szt.- 0,08 zł / szt", "description_sections": [{"header": "Opis produktu", "content": "Spłukiwalny, nawilżany papier toaletowy Dada o przyjemnym, owocowym zapachu z płynem z ekstraktem z rumianku, alantoiną i pantenolem, skutecznie i łagodnie oczyszcza i pielęgnuje nawet najwrażliwsze części ciała, nie naruszając mikrobiomu skóry, który stanowi naturalną barierę ochronną przed działaniem czynników zewnętrznych.Każdy listek, wytwarzany z włókien celulozowych spełnia standardy spłukiwalności, a przy tym jest jednocześnie mocny i trwały - nie rozrywa się podczas użytkowania. Niewielki format opakowania z łatwością mieści się do plecaka i ułatwia dzieciom zachowanie higieny np. w szkole i na wycieczkach. Płyn nawilżający składa się w 98% z wody. Woda używana do produkcji chusteczek nawilżanych przechodzi proces 4-krotnej filtracji, dzięki czemu jest miękka, ultra-czysta, wolna od zanieczyszczeń organicznych i nieorganicznych, w tym metali ciężkich, chloru i zapachu."}, {"header": "Pozostałe informacje", "content": "Kraj pochodzenia:PolskaKraj pochodzenia zależy od konkretnej partii produktu jaka znajduje się w sklepie. Informację o kraju pochodzenia znajdziesz na opakowaniu. Możesz również dodać komentarz z preferowanym typem produktu w koszyku lub wiadomości dla shoppera (np. “prosze o pomidory polskie”).Nazwa wymagana prawnie:Spłukiwalny, nawilżany papier toaletowy"}], "images": ["data/images/c4f1efa05409342f1949dc14d2cad52f.jpg", "data/images/f118b28621815aecf872ec7d4054287d.jpg", "data/images/971568c03c6345c6b6283b6fb2218b80.jpg", "data/images/71c7728052c4623858b5b96b5f11268d.jpg"], "absolute_path": "Drogeria/Papier toaletowy i chusteczki/Papier toaletowy/Produkt 7"}
{"name": "Produkt 7", "url": "https://zakupy.biedronka.pl/pampers-pampers-pieluszki-active-baby-11-16-kg-rozmiar-5-38-szt.-0000008043.html", "title": "Pampers Pieluszki Active Baby 11-16 kg rozmiar 5 38 szt.", "brand": "Pampers", "price": "49.89 PLN", "packaging_details": "38szt.- 1,31 zł / szt", "description_sections": [{"header": "Opis produktu", "content": "Oto pieluszki Pampers Active Baby, stworzone specjalnie z myślą o zapewnieniu dziecku suchości i wygody, a także komfortowej ochrony i świeżej skóry w dzień i w nocy. Dzięki większym możliwościom w zakresie absorpcji pieluszki te szybko zatrzymują wilgoć, zapewniając Twojemu dziecku suchość przez długi czas. Dodatkowo kieszonka Stop & Protect zapobiega przeciekaniu z tyłu. Wykonane z najwyższej jakości materiałów pieluszki Active Baby otulają skórę Twojego dziecka miękkością. Dla Pampers bezpieczeństwo Twojego dziecka jest najwyższym priorytetem. Dlatego też pieluszki Pampers Active Baby zostały przetestowane dermatologicznie i zatwierdzone przez dermatologów z organizacji Skin Health Alliance. Koniec z przeciekaniem, czas na spokojnie przespane noce.  Chcesz wiedzieć więcej o komponentach naszych produktów? Odwiedź stronę pampers.plSubrand:Active Baby"}, {"header": "Składniki i alergeny", "content": "Składniki:Petrolatum, Stearyl Alcohol, Paraffinum Liquidum, Aloe Barbadensis Leaf Extract"}, {"header": "Pozostałe informacje", "content": "Kraj pochodzenia:PolskaKraj pochodzenia zależy od konkretnej partii produktu jaka znajduje się w sklepie. Informację o kraju pochodzenia znajdziesz na opakowaniu. Możesz również dodać komentarz z preferowanym typem produktu w koszyku lub wiadomości dla shoppera (np. “prosze o pomidory polskie”).Producent:Procter & Gamble Service Gmbh, 65823 Schwalbach am TaunusNazwa wymagana prawnie:Pampers Active Baby, rozmiar 5, 38 pieluszek, 11kg-16kg"}], "images": ["data/images/552fe38b311e597b672f6ab36a0fd984.jpg"], "absolute_path": "Drogeria/Papier toaletowy i chusteczki/Pieluchy/Produkt 7"}
{"name": "Produkt 5", "url": "https://zakupy.biedronka.pl/pampers-pampers-pants-pieluchomajtki-rozmiar-4-9-kg-15-kg-30-szt.-0000008049.html", "title": "Pampers Pants Pieluchomajtki rozmiar 4 9 kg-15 kg 30 szt.", "brand": "Pampers", "price": "48.89 PLN", "packaging_details": "30szt.- 1,63 zł / szt", "description_sections": [{"header": "Opis produktu", "content": "Gdy Twoje dziecko zaczyna być bardziej aktywne, potrzebujesz pieluszki, która nadąży za jego nowymi ruchami. Dzięki rewolucyjnemu systemowi Stop & Protect pieluchomajtki Pampers Active Baby zapewniają doskonałą ochronę przed przeciekaniem niezależnie od tego, w jakiej pozycji znajdzie się Twój maluch - w dzień i w nocy System Stop & Protect w pieluchomajtkach Pampers Active Baby obejmuje 2 razy szersze* osłonki wokół nogawek, które pomagają zapobiegać przeciekaniu przy nóżkach, kieszonkę zapobiegającą przeciekaniu z tyłu i elastyczną taśmę wokół talii, zapewniającą dopasowanie 360°, które dostosowuje się do wiercącego się maluszka, jak również superchłonny wkład, zapewniający do 12 godzin ochrony. Podobnie jak wszystkie nasze pieluchomajtki, Pampers Active Baby łatwo się zmienia, nawet gdy dziecko się wierci: wystarczy jeden ruch, aby je założyć. Żeby zdjąć pieluchomajtki, musisz tylko rozedrzeć ich boczki, a przed wyrzuceniem zwinąć je i zabezpieczyć je taśmą. Zarówno dla Ciebie, jak i dla marki Pampers dobro dziecka jest na pierwszym miejscu: Pieluchomajtki Pampers Active Baby zostały przetestowane dermatologicznie i zatwierdzone przez dermatologów z organizacji Skin Health Alliance. Chcesz dowiedzieć się więcej o komponentach i składnikach stosowanych przez Pampers? Odwiedź stronę pampers.pl. * w porównaniu z poprzednimi.Subrand:Pants"}, {"header": "Składniki i alergeny", "content": "Składniki:Petrolatum, Stearyl Alcohol, Paraffinum Liquidum, Aloe Barbadensis Leaf Extract"}, {"header": "Pozostałe informacje", "content": "Kraj pochodzenia:PolskaKraj pochodzenia zależy od konkretnej partii produktu jaka znajduje się w sklepie. Informację o kraju pochodzenia znajdziesz na opakowaniu. Możesz również dodać komentarz z preferowanym typem produktu w koszyku lub wiadomości dla shoppera (np. “prosze o pomidory polskie”).Producent:Procter & Gamble Service Gmbh, 65823 Schwalbach am TaunusNazwa wymagana prawnie:Pieluchomajtki Pampers Active Baby, rozmiar 4, pieluszki 30, 9kg-15kg"}], "images": ["data/images/a3fe3416dd82f7a2a9aefcbc4ab8421b.jpg"], "absolute_path": "Drogeria/Papier toaletowy i chusteczki/Pieluchy/Produkt 5"}
{"name": "Produkt 8", "url": "https://zakupy.biedronka.pl/pampers-pampers-active-baby-pieluchy-rozmiar-3-6-kg-10-kg-54-szt.-0000008047.html", "title": "Pampers Active Baby pieluchy rozmiar 3 6 kg-10 kg 54 szt.", "brand": "Pampers", "price": "49.89 PLN", "packaging_details": "54szt.- 0,92 zł / szt", "description_sections": [{"header": "Opis produktu", "content": "Oto pieluszki Pampers Active Baby, stworzone specjalnie z myślą o zapewnieniu dziecku suchości i wygody, a także komfortowej ochrony i świeżej skóry w dzień i w nocy. Dzięki większym możliwościom w zakresie absorpcji pieluszki te szybko zatrzymują wilgoć, zapewniając Twojemu dziecku suchość przez długi czas. Dodatkowo kieszonka Stop & Protect zapobiega przeciekaniu z tyłu. Wykonane z najwyższej jakości materiałów pieluszki Active Baby otulają skórę Twojego dziecka miękkością. Dla Pampers bezpieczeństwo Twojego dziecka jest najwyższym priorytetem. Dlatego też pieluszki Pampers Active Baby zostały przetestowane dermatologicznie i zatwierdzone przez dermatologów z organizacji Skin Health Alliance. Koniec z przeciekaniem, czas na spokojnie przespane noce.  Chcesz wiedzieć więcej o komponentach naszych produktów? Odwiedź stronę pampers.plSubrand:Active Baby"}, {"header": "Składniki i alergeny", "content": "Składniki:Petrolatum, Stearyl Alcohol, Paraffinum Liquidum, Aloe Barbadensis Leaf Extract"}, {"header": "Pozostałe informacje", "content": "Kraj pochodzenia:PolskaKraj pochodzenia zależy od konkretnej partii produktu jaka znajduje się w sklepie. Informację o kraju pochodzenia znajdziesz na opakowaniu. Możesz również dodać komentarz z preferowanym typem produktu w koszyku lub wiadomości dla shoppera (np. “prosze o pomidory polskie”).Producent:Procter & Gamble Service Gmbh, 65823 Schwalbach am TaunusNazwa wymagana prawnie:Pampers Active Baby, rozmiar 3, 54 pieluszek, 6kg-10kg"}], "images": ["data/images/2c537954ebd0e57fc1fbc673e8c7bac2.jpg"], "absolute_path": "Drogeria/Papier toaletowy i chusteczki/Pieluchy/Produkt 8"}
{"name": "Produkt 6", "url": "https://zakupy.biedronka.pl/dada-extra-care-dada-extra-care-pieluchy-rozmiar-2-44-szt.-0000009535.html", "title": "Dada Extra Care Pieluchy rozmiar 2 44 szt.", "brand": "Dada Extra Care", "price": "21.49 PLN", "packaging_details": "44szt.- 0,49 zł / szt", "description_sections": [{"header": "Opis produktu", "content": "Jedyna pieluszka w Polsce stworzona we współpracy z Instytutem Matki i DzieckaPieluszki Dada Extra Care z technologią Climaflex® zostały stworzone z myślą o najwyższym komforcie Twojego Maluszka. Superchłonny wkład zapewnia niezawodną ochronę przed wilgocią i odprowadza ciepło na zewnątrz, by jak najlepiej zapobiegać powstawaniu podrażnień.Unikalny kształt kanalika chłonnego sprawia, że wilgoć jest szybko wiązana we wnętrzu, aby wspierać utrzymanie suchej skóry dziecka. Dzięki zastosowanej technologii pieluszka jest cieńsza i bardziej elastyczna, dzięki czemu Maluszek może cieszyć się pełną swobodą ruchu."}, {"header": "Pozostałe informacje", "content": "Kraj pochodzenia:Unia EuropejskaKraj pochodzenia zależy od konkretnej partii produktu jaka znajduje się w sklepie. Informację o kraju pochodzenia znajdziesz na opakowaniu. Możesz również dodać komentarz z preferowanym typem produktu w koszyku lub wiadomości dla shoppera (np. “prosze o pomidory polskie”).Producent:Jeronimo Martins Polska S.A.Dystrybutor:Jeronimo Martins Polska S.A.Żniwna 5 62-025 Kostrzyn PLJeronimo Martins Polska S.A.Żniwna 5 62-025 KostrzynImporter:Jeronimo Martins Polska S.A.Żniwna 5 62-025 Kostrzyn PLbok@biedronka.plNazwa wymagana prawnie:Pieluszki Dada Extra Care z technologią Climaflex"}], "images": ["data/images/288c13270a4982ee12235371e05bc4bf.jpg", "data/images/9665b2dd3fcc383c3a32704b5c07fccf.jpg", "data/images/84299c48cfc18098383eb091b717e500.jpg", "data/images/34e295ed891807db8f81b0d787217bce.jpg"], "absolute_path": "Drogeria/Papier toaletowy i chusteczki/Pieluchy/Produkt 6"}
{"name": "Produkt 4", "url": "https://zakupy.biedronka.pl/pampers-pampers-active-baby-pieluchy-rozmiar-4-9-kg-14-kg-46-szt.-0000008050.html", "title": "Pampers Active Baby Pieluchy rozmiar 4 9 kg-14 kg 46 szt.", "brand": "Pampers", "price": "49.89 PLN", "packaging_details": "46szt.- 1,08 zł / szt", "description_sections": [{"header": "Opis produktu", "content": "Oto pieluszki Pampers Active Baby, stworzone specjalnie z myślą o zapewnieniu dziecku suchości i wygody, a także komfortowej ochrony i świeżej skóry w dzień i w nocy. Dzięki większym możliwościom w zakresie absorpcji pieluszki te szybko zatrzymują wilgoć, zapewniając Twojemu dziecku suchość przez długi czas. Dodatkowo kieszonka Stop & Protect zapobiega przeciekaniu z tyłu. Wykonane z najwyższej jakości materiałów pieluszki Active Baby otulają skórę Twojego dziecka miękkością. Dla Pampers bezpieczeństwo Twojego dziecka jest najwyższym priorytetem. Dlatego też pieluszki Pampers Active Baby zostały przetestowane dermatologicznie i zatwierdzone przez dermatologów z organizacji Skin Health Alliance. Koniec z przeciekaniem, czas na spokojnie przespane noce.  Chcesz wiedzieć więcej o komponentach naszych produktów? Odwiedź stronę pampers.plSubrand:Active Baby"}, {"header": "Składniki i alergeny", "content": "Składniki:Petrolatum, Stearyl Alcohol, Paraffinum Liquidum, Aloe Barbadensis Leaf Extract"}, {"header": "Pozostałe informacje", "content": "Kraj pochodzenia:PolskaKraj pochodzenia zależy od konkretnej partii produktu jaka znajduje się w sklepie. Informację o kraju pochodzenia znajdziesz na opakowaniu. Możesz również dodać komentarz z preferowanym typem produktu w koszyku lub wiadomości dla shoppera (np. “prosze o pomidory polskie”).Producent:Procter & Gamble Service Gmbh, 65823 Schwalbach am TaunusImporter:www.pg.comNazwa wymagana prawnie:Pampers Active Baby, rozmiar 4, 46 pieluszek, 9kg-14kg"}], "images": ["data/images/433107b7b6972eb332a5eff057ae2f37.jpg"], "absolute_path": "Drogeria/Papier toaletowy i chusteczki/Pieluchy/Produkt 4"}
{"name": "Produkt 11", "url": "https://zakupy.biedronka.pl/pampers-pampers-pieluchy-premium-care-s2-46-szt.-0000014705.html", "title": "Pampers Pieluchy Premium Care S2 46 szt.", "brand": "Pampers", "price": "44.99 PLN", "packaging_details": "46szt.- 0,98 zł / szt", "description_sections": [{"header": "Opis produktu", "content": "Najlepszy komfort i ochrona wrażliwej skóry dziecka od Pampers. Zbyt długi kontakt z moczem i zawartością pieluszki może wpłynąć na stan wrażliwej skóry Twojego dziecka, powodując uczucie dyskomfortu lub niepokój.bPieluszki Pampers Premium Care zostały specjalnie zaprojektowane, aby zapewnić wyjątkową miękkość i najdelikatniejszą ochronę od Pampers dzięki: 1) Wyjątkowej warstwie DERMACOMFORT z chłonnymi kanalikami, które natychmiast odprowadzają wilgoć i zawartość pieluszki z dala od skóry dziecka i zatrzymują je wewnątrz pieluszki. Dzięki temu delikatna skóra Twojego dziecka pozostaje sucha i chroniona. 2) Wyselekcjonowanym, miękkim niczym puch materiałom dla najdelikatniejszej skóry dziecka. 3) Wyjątkowemu systemowi potrójnej ochrony, który szybko wchłania wilgoć i pomaga zapobiegać przeciekaniu w okolicy talii i przy nóżkach. Pieluszki Pampers Premium Care, rekomendowane przez Polskie Towarzystwo Pediatryczne, są w 100% bezpieczne dla skóry Twojego dziecka: są testowane dermatologicznie i nie zawierają alergenów zapachowych EU26."}, {"header": "Pozostałe informacje", "content": "Kraj pochodzenia:PolskaKraj pochodzenia zależy od konkretnej partii produktu jaka znajduje się w sklepie. Informację o kraju pochodzenia znajdziesz na opakowaniu. Możesz również dodać komentarz z preferowanym typem produktu w koszyku lub wiadomości dla shoppera (np. “prosze o pomidory polskie”).Producent:Procter & Gamble Service Gmbh, 65823 Schwalbach am TaunusImporter:Procter&GambleZabraniecka 20 03-872 Warszawa PLpg@pg.comNazwa wymagana prawnie:Pampers Pieluchy Premium Care  S2 46 szt."}], "images": ["data/images/02ca88cb49463ee924475985ec961ed6.jpg"], "absolute_path": "Drogeria/Papier toaletowy i chusteczki/Pieluchy/Produkt 11"}
{"name": "Produkt 10", "url": "https://zakupy.biedronka.pl/pampers-pampers-active-baby-pieluchy-rozmiar-6-13-kg-18-kg-32-szt.-0000008046.html", "title": "Pampers Active Baby Pieluchy rozmiar 6 13 kg-18 kg 32 szt.", "brand": "Pampers", "price": "49.89 PLN", "packaging_details": "32szt.- 1,56 zł / szt", "description_sections": [{"header": "Opis produktu", "content": "Oto pieluszki Pampers Active Baby, stworzone specjalnie z myślą o zapewnieniu dziecku suchości i wygody, a także komfortowej ochrony i świeżej skóry w dzień i w nocy. Dzięki większym możliwościom w zakresie absorpcji pieluszki te szybko zatrzymują wilgoć, zapewniając Twojemu dziecku suchość przez długi czas. Dodatkowo kieszonka Stop & Protect zapobiega przeciekaniu z tyłu. Wykonane z najwyższej jakości materiałów pieluszki Active Baby otulają skórę Twojego dziecka miękkością. Dla Pampers bezpieczeństwo Twojego dziecka jest najwyższym priorytetem. Dlatego też pieluszki Pampers Active Baby zostały przetestowane dermatologicznie i zatwierdzone przez dermatologów z organizacji Skin Health Alliance. Koniec z przeciekaniem, czas na spokojnie przespane noce.  Chcesz wiedzieć więcej o komponentach naszych produktów? Odwiedź stronę pampers.plSubrand:Active Baby"}, {"header": "Składniki i alergeny", "content": "Składniki:Petrolatum, Stearyl Alcohol, Paraffinum Liquidum, Aloe Barbadensis Leaf Extract"}, {"header": "Pozostałe informacje", "content": "Kraj pochodzenia:PolskaKraj pochodzenia zależy od konkretnej partii produktu jaka znajduje się w sklepie. Informację o kraju pochodzenia znajdziesz na opakowaniu. Możesz również dodać komentarz z preferowanym typem produktu w koszyku lub wiadomości dla shoppera (np. “prosze o pomidory polskie”).Producent:Procter & Gamble Service Gmbh, 65823 Schwalbach am TaunusNazwa wymagana prawnie:Pampers Active Baby, rozmiar 6, 32 pieluszek, 13kg-18kg"}], "images": ["data/images/5fec37b7f831424f2607f843e0866183.jpg"], "absolute_path": "Drogeria/Papier toaletowy i chusteczki/Pieluchy/Produkt 10"}
{"name": "Produkt 9", "url": "https://zakupy.biedronka.pl/pampers-pampers-pieluchomajtki-active-baby-13kg-19kg-rozm.-6-25-szt.-0000008044.html", "title": "Pampers Pieluchomajtki Active Baby 13kg-19kg rozm. 6 25 szt.", "brand": "Pampers", "price": "48.89 PLN", "packaging_details": "25szt.- 1,96 zł / szt", "description_sections": [{"header": "Opis produktu", "content": "Gdy Twoje dziecko zaczyna być bardziej aktywne, potrzebujesz pieluszki, która nadąży za jego nowymi ruchami. Dzięki rewolucyjnemu systemowi Stop & Protect pieluchomajtki Pampers Active Baby zapewniają doskonałą ochronę przed przeciekaniem niezależnie od tego, w jakiej pozycji znajdzie się Twój maluch - w dzień i w nocy System Stop & Protect w pieluchomajtkach Pampers Active Baby obejmuje 2 razy szersze* osłonki wokół nogawek, które pomagają zapobiegać przeciekaniu przy nóżkach, kieszonkę zapobiegającą przeciekaniu z tyłu i elastyczną taśmę wokół talii, zapewniającą dopasowanie 360°, które dostosowuje się do wiercącego się maluszka, jak również superchłonny wkład, zapewniający do 12 godzin ochrony. Podobnie jak wszystkie nasze pieluchomajtki, Pampers Active Baby łatwo się zmienia, nawet gdy dziecko się wierci: wystarczy jeden ruch, aby je założyć. Żeby zdjąć pieluchomajtki, musisz tylko rozedrzeć ich boczki, a przed wyrzuceniem zwinąć je i zabezpieczyć je taśmą. Zarówno dla Ciebie, jak i dla marki Pampers dobro dziecka jest na pierwszym miejscu: Pieluchomajtki Pampers Active Baby zostały przetestowane dermatologicznie i zatwierdzone przez dermatologów z organizacji Skin Health Alliance. Chcesz dowiedzieć się więcej o komponentach i składnikach stosowanych przez Pampers? Odwiedź stronę pampers.pl. * w porównaniu z poprzednimi.Subrand:Pants"}, {"header": "Składniki i alergeny", "content": "Składniki:Petrolatum, Stearyl Alcohol, Paraffinum Liquidum, Aloe Barbadensis Leaf Extract"}, {"header": "Pozostałe informacje", "content": "Kraj pochodzenia:PolskaKraj pochodzenia zależy od konkretnej partii produktu jaka znajduje się w sklepie. Informację o kraju pochodzenia znajdziesz na opakowaniu. Możesz również dodać komentarz z preferowanym typem produktu w koszyku lub wiadomości dla shoppera (np. “prosze o pomidory polskie”).Producent:Procter & Gamble Service Gmbh, 65823 Schwalbach am TaunusNazwa wymagana prawnie:Pieluchomajtki Pampers Active Baby, rozmiar 6, pieluszki 25, 13kg-19kg"}], "images": ["data/images/790f8773e5fd9c89628f25073f842fa9.jpg"], "absolute_path": "Drogeria/Papier toaletowy i chusteczki/Pieluchy/Produkt 9"}
{"name": "Produkt 2", "url": "https://zakupy.biedronka.pl/oceania-oceania-gabka-do-masazu-1-szt.-0000000129.html", "title": "Oceania Gąbka do masażu 1 szt.", "brand": "Oceania", "price": "1.29 PLN", "packaging_details": "1szt.- 1,29 zł / szt", "description_sections": [{"header": "Opis produktu", "content": "Regularny masaż gąbką pomaga dbać o dobrą kondycję skóry, wspiera naturalne procesy jej odnowy. Masowanie całego ciała gąbką przynosi zmęczonym mięśniom ulgę i poczucie relaksu. Oczyszczona gąbką skóra lepiej wchłania kremy i balsamy do ciała."}, {"header": "Pozostałe informacje", "content": "Producent:Nicols Poland Sp. z o..o.Dystrybutor:Jeronimo Martins Polska S.A.Żniwna 5 62-025 KostrzynImporter:Jeronimo Martins Polska S.A.Żniwna 5 62-025 Kostrzyn PLNazwa wymagana prawnie:Gąbka do masażu Oceania"}], "images": ["data/images/87c3de8b2fa363605f875d8f31f36e81.jpg", "data/images/296e8137300994bcdc90377d3cf34ade.jpg"], "absolute_path": "Drogeria/Inne/Produkt 2"}
{"name": "Produkt 1", "url": "https://zakupy.biedronka.pl/be-beauty-be-beauty-patyczki-higieniczne-300-szt.-0000018804.html", "title": "Be Beauty Patyczki higieniczne 300 szt.", "brand": "Be Beauty", "price": "4.79 PLN", "packaging_details": "300szt.- 0,02 zł / szt", "description_sections": [{"header": "Opis produktu", "content": "Patyczki higieniczne do codziennej pielęgnacji i kosmetyki ciała. Miękkie i delikatne główki wykonane w 100% z bawełny. Papierowy patyczek oraz kartonowe opakowanie sprawiają, że produkt jest w pełni biodegradowalny."}, {"header": "Pozostałe informacje", "content": "Nazwa wymagana prawnie:Patyczki higieniczne"}], "images": ["data/images/a1e5b1f63731d6a3bc6cc71a8a5c998e.jpg", "data/images/a5a2852d4513bc52c53d68ca98375ce1.jpg"], "absolute_path": "Drogeria/Inne/Produkt 1"}
{"name": "Produkt 4", "url": "https://zakupy.biedronka.pl/ludwik-ludwik-plyn-do-mycia-naczyn-mietowy-900-g-0000017845.html", "title": "Ludwik Płyn do mycia naczyń miętowy 900 g", "brand": "Ludwik", "price": "8.69 PLN", "packaging_details": "0.9kg- 9,66 zł / kg", "description_sections": [{"header": "Opis produktu", "content": "W naszym laboratorium badawczym stworzyliśmy nowe, ulepszone receptury płynów do naczyń Ludwik, które teraz są jeszcze bardziej skuteczne w usuwaniu zabrudzeń.W porównaniu do dotychczasowych receptur, posiadają one o ponad 25% większą zdolność usuwania tłuszczu i trudnych zabrudzeń spożywczych, co zostało potwierdzone badaniami w niezależnym, akredytowanym laboratorium zewnętrznym. Tym samym mają większą wydajność, dzięki czemu wystarczają na dłużej.Nowe, bardziej ergonomiczne butelki są jeszcze łatwiejsze do trzymania w dłoni, a specjalnie zaprojektowany uchwyt zmniejsza ryzyko wyśliźnięcia się butelki podczas zmywania.Dodatkowo, Ludwik wprowadza też nową linię płynów Duet Świeżości w 3 świeżych i ekscytujących zapachach: granat z werbeną, cytrusy z zieloną herbatą oraz limonka z melisą.Ludwik nie tylko pomaga w utrzymaniu czystości, ale dba też o środowisko naturalne oraz skórę dłoni naszych użytkowników ponieważ jego nowoczesna formuła płynów do naczyń jest biodegradowalna i posiada pozytywną ocenę dermatologiczną."}, {"header": "Składniki i alergeny", "content": "Składniki:5-15% anionowe środki powierzchniowo czynne, <5% niejonowe środki powierzchniowo czynne, <5% amfoteryczne środki powierzchniowo czynne. Konserwant (Methylchloroisothiazolinone, Methylisothiazolinone, 2-Bromo-2-Nitropropane-1,3-Diol), kompozycja zapachowa."}, {"header": "Pozostałe informacje", "content": "Kraj pochodzenia:PolskaKraj pochodzenia zależy od konkretnej partii produktu jaka znajduje się w sklepie. Informację o kraju pochodzenia znajdziesz na opakowaniu. Możesz również dodać komentarz z preferowanym typem produktu w koszyku lub wiadomości dla shoppera (np. “prosze o pomidory polskie”).Producent:GRUPA INCO S.A.,\nul. Wspólna 25,\n00-519 Warszawa\ntel. 22 711 59 00,\ninfo.produkty@inco.pl\nwww.ludwik.pl\nwww.inco.plDystrybutor:Grupa Inco S.AWspólna 25 00-519 Warszawakontakt@inco.plNazwa wymagana prawnie:Ludwik płyn do mycia naczyń 900g - miętowy"}], "images": ["data/images/d7e188334a715ae87c6e1d955e2d17e8.jpg"], "absolute_path": "Dla domu/Sprzątanie/Zmywanie naczyń/Produkt 4"}
{"name": "Produkt 3", "url": "https://zakupy.biedronka.pl/ludwik-ludwik-plyn-do-mycia-naczyn-grejpfrutowy-900-g-0000017844.html", "title": "Ludwik Płyn do mycia naczyń grejpfrutowy 900 g", "brand": "Ludwik", "price": "8.69 PLN", "packaging_details": "0.9kg- 9,66 zł / kg", "description_sections": [{"header": "Opis produktu", "content": "W naszym laboratorium badawczym stworzyliśmy nowe, ulepszone receptury płynów do naczyń Ludwik, które teraz są jeszcze bardziej skuteczne w usuwaniu zabrudzeń.W porównaniu do dotychczasowych receptur, posiadają one o ponad 25% większą zdolność usuwania tłuszczu i trudnych zabrudzeń spożywczych, co zostało potwierdzone badaniami w niezależnym, akredytowanym laboratorium zewnętrznym. Tym samym mają większą wydajność, dzięki czemu wystarczają na dłużej.Nowe, bardziej ergonomiczne butelki są jeszcze łatwiejsze do trzymania w dłoni, a specjalnie zaprojektowany uchwyt zmniejsza ryzyko wyśliźnięcia się butelki podczas zmywania.Dodatkowo, Ludwik wprowadza też nową linię płynów Duet Świeżości w 3 świeżych i ekscytujących zapachach: granat z werbeną, cytrusy z zieloną herbatą oraz limonka z melisą.Ludwik nie tylko pomaga w utrzymaniu czystości, ale dba też o środowisko naturalne oraz skórę dłoni naszych użytkowników ponieważ jego nowoczesna formuła płynów do naczyń jest biodegradowalna i posiada pozytywną ocenę dermatologiczną."}, {"header": "Składniki i alergeny", "content": "Składniki:5–15% anionowe środki powierzchniowo czynne, <5% niejonowe środki powierzchniowo czynne, <5% amfoteryczne środki powierzchniowo czynne. Konserwant (Methylchloroisothiazolinone, Methylisothiazolinone, 2-Bromo-2-Nitropropane-1,3-Diol), kompozycja zapachowa (Limonene, Linalool)."}, {"header": "Pozostałe informacje", "content": "Dystrybutor:Grupa Inco S.AWspólna 25 00-519 Warszawakontakt@inco.plNazwa wymagana prawnie:Ludwik płyn do mycia naczyń 900g - grejpfrutowy"}], "images": ["data/images/998952714e7eed3acc26ab94e210b82a.jpg"], "absolute_path": "Dla domu/Sprzątanie/Zmywanie naczyń/Produkt 3"}
{"name": "Produkt 3", "url": "https://zakupy.biedronka.pl/viscoplast-viscoplast-plastry-wodoodporne-3-rozmiary-12-szt.-0000001313.html", "title": "Viscoplast Plastry Wodoodporne 3 rozmiary 12 szt.", "brand": "Viscoplast", "price": "6.29 PLN", "packaging_details": "12szt.- 0,52 zł / szt", "description_sections": [{"header": "Opis produktu", "content": "Viscoplast™ Plastry Wodoodporne chronią drobne rany, takie jak zadrapania i skaleczenia podczas wykonywania codziennych czynności. Wykonane na wodoodpornym i elastycznym podłożu, który dopasowuje się do kształtu ciała.Viscoplast™ Plastry Wodoodporne dzięki swojemu uniwersalnemu zastosowaniu sprawdzą się w domowej apteczce. Oddychające, wodoodporne plastry chronią ranę przed zanieczyszczeniem. Chłonny opatrunek nie przykleja się do rany, co ułatwia usuwanie. Elastyczny, przylegający materiał, który dopasowuje się do kształtu ciała. Wygodne w użyciu.To jest wyrób medyczny. Używaj go zgodnie z instrukcją używania lub etykietą."}, {"header": "Pozostałe informacje", "content": "Kraj pochodzenia:PolskaKraj pochodzenia zależy od konkretnej partii produktu jaka znajduje się w sklepie. Informację o kraju pochodzenia znajdziesz na opakowaniu. Możesz również dodać komentarz z preferowanym typem produktu w koszyku lub wiadomości dla shoppera (np. “prosze o pomidory polskie”).Nazwa wymagana prawnie:Viscoplast™  Plastry Wodoodporne 12 sztuk, 3 rozmiary"}], "images": ["data/images/b1bcf70502925e3bf77713967f6e3a5f.jpg"], "absolute_path": "Drogeria/Inne/Produkt 3"}
{"name": "Produkt 1", "url": "https://zakupy.biedronka.pl/finish-finish-kapsulki-do-zmywarki-quantum-lemon-46-szt.-0000014898.html", "title": "Finish Kapsułki do zmywarki Quantum lemon 46 szt.", "brand": "Finish", "price": "49.99 PLN", "packaging_details": "46szt.- 1,09 zł / szt", "description_sections": [{"header": "Opis produktu", "content": "Głębokie czyszczenie i olśniewający blask, już od pierwszego użycia. Skuteczny nawet bez wstępnego spłukiwania naczyń. Łatwa w użyciu kapsułka, w rozpuszczalnej folii, usuwa wszystkie rodzaje pozostałości jedzenia, również w niskich temperaturach. Za każdym razem.Wysokiej jakości kapsułki do zmywarki, które zapewnią doskonałą czystość i olśniewający połysk. Trzykomorowe kapsułki skutecznie usuwają wszystkie rodzaje pozostałości jedzenia - bez wstępnego spłukiwania. Poradzą sobie z każdym wyzwaniem w kuchni! Chronią przed korozją szkła, jednocześnie zapobiegając osadzaniu się kamienia w zmywarce.Zalety produktu:- Bez wstępnego namaczania,- Usuwają uporczywe zabrudzenia,- Chronią szkło,- Nadają olśniewający połysk,- Działają w niskich temperaturach,- Wysoce skuteczna formuła."}, {"header": "Składniki i alergeny", "content": "Składniki:Skład: 5%- <15%: niejonowe środki powierzchniowo czynne, związki wybielające na bazie tlenu, fosfoniany, polikarboksylany. Zawiera Enzymy (Subtylizyna, Amylaza), kompozycję zapachową (Geraniol, Limonene). Więcej informacji o składnikach na: www.rbeuroinfo.com"}, {"header": "Pozostałe informacje", "content": "Kraj pochodzenia:PolskaKraj pochodzenia zależy od konkretnej partii produktu jaka znajduje się w sklepie. Informację o kraju pochodzenia znajdziesz na opakowaniu. Możesz również dodać komentarz z preferowanym typem produktu w koszyku lub wiadomości dla shoppera (np. “prosze o pomidory polskie”).Producent:Podmiot odpowiedzialny\nRB (Hygiene Home) Poland Sp. z o.o., \nul. Okunin 1,\n05-100 Nowy Dwór Mazowiecki \nconsumercare@reckitt.com\n+48 22 211 26 94Importer:RB (Hygiene Home) Poland Sp. z o.o.Okunin 1 05-100 Nowy Dwór Mazowiecki PLConsumerCare_PL@reckitt.comNazwa wymagana prawnie:Finish Powerball Quantum. Kapsułki do mycia naczyń w zmywarce. Lemon"}], "images": ["data/images/40a677dcba2a1b80eae4e72861b50626.jpg", "data/images/5109a25a0f44b14a5026c1ed67cd6bd8.jpg"], "absolute_path": "Dla domu/Sprzątanie/Zmywanie naczyń/Produkt 1"}
{"name": "Produkt 2", "url": "https://zakupy.biedronka.pl/fairy-fairy-platinum-cytryna-kapsulki-do-zmywarki-all-in-one-21-tabletek-0000017087.html", "title": "Fairy Platinum Cytryna Kapsułki do zmywarki All In One 21 tabletek", "brand": "Fairy", "price": "39.99 PLN", "packaging_details": "21szt.- 1,90 zł / szt", "description_sections": [{"header": "Opis produktu", "content": "Kapsułki do zmywarki All In One Fairy Platinum działają już przy 1. myciu i usuwają nawet trudne zabrudzenia, pozostawiając naczynia czyste i lśniące. Dzięki mocy czyszczenia kapsułek do zmywarki Fairy Platinum możesz bez obaw przygotowywać wszelkie posiłki, wiedząc, że poradzą sobie nawet z tłustym filtrem, a naczynia i zmywarka będą czyste i pachnące świeżością. Kapsułki do zmywarki Fairy to połączenie płynu i proszku w jednej wydajnej kapsułce. Nasze kapsułki rozpuszczają się niezwykle szybko, dzięki czemu od razu zaczynają działać. A ich użycie jest bardzo proste. Nie musisz ich rozpakowywać. Wystarczy umieścić je w dozowniku detergentu zmywarki do naczyń."}, {"header": "Składniki i alergeny", "content": "Składniki:5-15% Niejonowe Środki Powierzchniowo Czynne, Związki Wybielające Na Bazie Tlenu, Fosfoniany, <5% Polikarboksylany, Enzymy, Kompozycje Zapachowe"}, {"header": "Przechowywanie i sposób przygotowania", "content": "Sposób podania:Nie należy wkładać do zmywarki do naczyń / myć w zmywarce do naczyń przedmiotów z prawdziwego srebra. By uzyskać najlepsze rezultaty włóż kapsułkę do szufladki dozującej. Jeśli kapsułka nie mieści się w szufladce, połóż ją na wierzchu kosza na sztućce i wybierz program, który nie zawiera mycia wstępnego. W takich warunkach mycie będzie efektywne, nawet gdy kontrolka sygnalizująca brak soli lub nabłyszczacza będzie zapalona. Dla bardzo twardej wody powyżej 26°e (≤ 5% gospodarstw domowych) zalecane jest użycie dodatkowej soli do zmywarek. Nie używaj do mycia zabytkowej lub ręcznie malowanej porcelany oraz kryształu."}, {"header": "Pozostałe informacje", "content": "Kraj pochodzenia:BelgiaKraj pochodzenia zależy od konkretnej partii produktu jaka znajduje się w sklepie. Informację o kraju pochodzenia znajdziesz na opakowaniu. Możesz również dodać komentarz z preferowanym typem produktu w koszyku lub wiadomości dla shoppera (np. “prosze o pomidory polskie”).Producent:Procter & Gamble DCE BV Belgium Distr. Div., Temselaan 100, B-1853 Strombeek-Bever, BelgiumDystrybutor:Importer:https//www.info-pg.com/Nazwa wymagana prawnie:Fairy Platinum Cytryna Kapsułki do zmywarki All In One, 21 tabletek"}], "images": ["data/images/b4dd11d108dece8252fa032429540d2f.jpg"], "absolute_path": "Dla domu/Sprzątanie/Zmywanie naczyń/Produkt 2"}
{"name": "Produkt 8", "url": "https://zakupy.biedronka.pl/finish-finish-nablyszczacz-do-zmywarki-shineandprotect-cytrynowy-400-ml-0000005903.html", "title": "Finish Nabłyszczacz do zmywarki Shine&Protect cytrynowy 400 ml", "brand": "Finish", "price": "13.99 PLN", "packaging_details": "0.4l- 34,98 zł / l", "description_sections": [{"header": "Opis produktu", "content": "Cechy produktu:- pojemność: 400ml;- przyspiesza schnięcie naczyń;- nabłyszcza;- eliminuje zacieki;- cytrynowy zapach.Sposób działania:Jeśli Twoja zmywarka skończyła zmywanie i wyjmujesz z niej wciąż mokre naczynia, to znak, że nie używasz płynu nabłyszczającego Finish, który nie tylko eliminuje zacieki, nalot i nadaje połysk, ale również przyspiesza schnięcie naczyń.Dla najbardziej optymalnych efektów używaj płynu nabłyszczającego z tabletkami wielofunkcyjnymi i innymi dodatkami Finish.Nabłyszczacz Finish zawiera środki blokujące odkładanie się nalotów wapiennych, przez co blokuje naloty które odpowiedzialne są za efekt \"matowego szkła\". Stosuj nabłyszczacz Finish regularnie, aby twoje naczynia były zawsze krystalicznie czyste."}, {"header": "Składniki i alergeny", "content": "Składniki:5-15%: niejonowe środki powierzchniowo czynne. Środki konserwujące: Methylchloroisothiazolinone, Methylisothiazolinone, Potassium sorbate. Kompozycja zapachowa (Limonene, Hexylcinnamal)."}, {"header": "Pozostałe informacje", "content": "Kraj pochodzenia:PolskaKraj pochodzenia zależy od konkretnej partii produktu jaka znajduje się w sklepie. Informację o kraju pochodzenia znajdziesz na opakowaniu. Możesz również dodać komentarz z preferowanym typem produktu w koszyku lub wiadomości dla shoppera (np. “prosze o pomidory polskie”).Producent:Podmiot odpowiedzialny \nRB (Hygiene Home) Poland Sp. z o.o., \nul. Okunin 1,\n05-100 Nowy Dwór Mazowiecki \t\nconsumercare@reckitt.com\t\n+48 22 211 26 94Importer:RB (Hygiene Home) Poland Sp. z o.o.Okunin 1 05-100 Nowy Dwór Mazowiecki PLConsumerCare_PL@reckitt.comNazwa wymagana prawnie:Finish nabłyszczacz cytrynowy 400 ml"}], "images": ["data/images/240ed4e90ddd8846c76d3da397e447b4.jpg"], "absolute_path": "Dla domu/Sprzątanie/Zmywanie naczyń/Produkt 8"}
{"name": "Produkt 9", "url": "https://zakupy.biedronka.pl/fairy-fairy-kapsulki-do-zmywarki-all-in-one-original-cytryna-29-szt.-0000017086.html", "title": "Fairy Kapsułki do zmywarki All In One Original Cytryna 29 szt.", "brand": "Fairy", "price": "39.99 PLN", "packaging_details": "29szt.- 1,38 zł / szt", "description_sections": [{"header": "Opis produktu", "content": "Kapsułki do zmywarki All In One Fairy Original zapewniają doskonałe efekty czyszczenia już za 1. razem i skutecznie usuwają nawet zaschnięty tłuszcz, dzięki czemu naczynia lśnią czystością. Kapsułki do zmywarki Fairy to połączenie płynu i proszku w jednej wydajnej kapsułce. Nasze kapsułki rozpuszczają się niezwykle szybko, dzięki czemu od razu zaczynają działać. A ich użycie jest bardzo proste. Nie musisz ich rozpakowywać. Wystarczy umieścić je w dozowniku detergentu zmywarki do naczyń."}, {"header": "Składniki i alergeny", "content": "Składniki:5-15% Niejonowe Środki Powierzchniowo Czynne, Związki Wybielające Na Bazie Tlenu, Fosfoniany, Polikarboksylany, Enzymy, Kompozycje Zapachowe"}, {"header": "Przechowywanie i sposób przygotowania", "content": "Sposób podania:Nie należy wkładać do zmywarki do naczyń / myć w zmywarce do naczyń przedmiotów z prawdziwego srebra. Umieść kapsułkę w szufladzie dozownika i natychmiast zamknij. Dłonie muszą być zawsze suche. Nie rozpakowywać ani nie oddzielać sklejonych saszetek. Zamknij szczelnie torebkę po każdym użyciu. By uzyskać najlepsze rezultaty włóż kapsułkę do szufladki dozującej. Jeśli kapsułka nie mieści się w szufladce, połóż ją na wierzchu kosza na sztućce i wybierz program, który nie zawiera mycia wstępnego. W takich warunkach mycie będzie efektywne, nawet gdy kontrolka sygnalizująca brak soli lub nabłyszczacza będzie zapalona. Dla bardzo twardej wody powyżej 26°e (≤ 5% gospodarstw domowych) zalecane jest użycie dodatkowej soli do zmywarek. Nie używaj do mycia zabytkowej lub ręcznie malowanej porcelany oraz kryształu."}, {"header": "Pozostałe informacje", "content": "Kraj pochodzenia:BelgiaKraj pochodzenia zależy od konkretnej partii produktu jaka znajduje się w sklepie. Informację o kraju pochodzenia znajdziesz na opakowaniu. Możesz również dodać komentarz z preferowanym typem produktu w koszyku lub wiadomości dla shoppera (np. “prosze o pomidory polskie”).Producent:Procter & Gamble DCE BV Belgium Distr. Div., Temselaan 100, B-1853 Strombeek-Bever, BelgiumDystrybutor:Importer:https//www.info-pg.com/Nazwa wymagana prawnie:Fairy Original Cytryna Kapsułki do zmywarki All In One, 29 tabletek"}], "images": ["data/images/aaf83b0aa444fcfb5b45849588736126.jpg"], "absolute_path": "Dla domu/Sprzątanie/Zmywanie naczyń/Produkt 9"}
{"name": "Produkt 6", "url": "https://zakupy.biedronka.pl/finish-finish-plyn-do-czyszczenia-zmywarki-cytrynowy-250-ml-0000005904.html", "title": "Finish Płyn do czyszczenia zmywarki cytrynowy 250 ml", "brand": "Finish", "price": "13.99 PLN", "packaging_details": "0.25l- 34,98 zł / l", "description_sections": [{"header": "Opis produktu", "content": "Mycie po myciu, kamień i brud mogą gromadzić się w ukrytych częściach zmywarki, takich jak rury, ramię spryskujące i filtr. Może to stwarzać niehigieniczne środowisko i powodować brzydki zapach. Dzięki silnej dwuwarstwowej formule Finish Płyn do czyszczenia zmywarki usuwa ukryty brud i kamień oraz sprawia, że twoja zmywarka jest w 100% higienienicznie czysta**;**2 razy silniejsza moc odtłuszczania w porównaniu do użycia samych tabletek Finish Powerball Power.Sposób użycia: 1 butelka = 1 aplikacja. Stosuj raz na 3 miesiące.1. Usuń naklejkę, pozostawiając korek.2. Umieść butelkę do góry dnem w dolnym koszu.3. Używaj w pustej zmywarce. Uruchom pustą zmywarkę na cyklu o możliwie najwyższej temperaturze (tj. Intensywny, cykl przeznaczony dla garnków i patelni, sanityzacji etc.).Pasuje do wszystkich zmywarek. Nie dodawaj detergentu."}, {"header": "Składniki i alergeny", "content": "Składniki:5-15%: niejonowe środki powierzchniowo czynne. Kompozycja zapachowa. Więcej informacji o składnikach na www.rbeuroinfo.com"}, {"header": "Pozostałe informacje", "content": "Kraj pochodzenia:PolskaKraj pochodzenia zależy od konkretnej partii produktu jaka znajduje się w sklepie. Informację o kraju pochodzenia znajdziesz na opakowaniu. Możesz również dodać komentarz z preferowanym typem produktu w koszyku lub wiadomości dla shoppera (np. “prosze o pomidory polskie”).Producent:Podmiot odpowiedzialny\nRB (Hygiene Home) Poland Sp. z o.o., \nul. Okunin 1,\n05-100 Nowy Dwór Mazowiecki \nconsumercare@reckitt.com\n+48 22 211 26 94Importer:RB (Hygiene Home) Poland Sp. z o.o.Okunin 1 05-100 Nowy Dwór Mazowiecki PLConsumerCare_PL@reckitt.comNazwa wymagana prawnie:Finish Hygienic Clean. Lemon. Płyn do czyszczenia zmywarki"}], "images": ["data/images/000b9202041a47727704b6ddc3e6b392.jpg", "data/images/0864d3f02a8f2802c83a0af7812412d0.jpg"], "absolute_path": "Dla domu/Sprzątanie/Zmywanie naczyń/Produkt 6"}
{"name": "Produkt 7", "url": "https://zakupy.biedronka.pl/finish-finish-odswiezacz-do-zmywarki-cytryna-i-limonka-60-myc-0000005905.html", "title": "Finish Odświeżacz do zmywarki cytryna i limonka 60 myć", "brand": "Finish", "price": "13.99 PLN", "packaging_details": "1szt.- 34,98 zł / l", "description_sections": [{"header": "Opis produktu", "content": "Pomiędzy zmywaniami resztki mogą gromadzić się w zmywarce powodując powstawanie nieprzyjemnego zapachu. Dzięki wyjątkowej technologii Anti Odor, Odświeżacz Finish daje ci 100% lepszą kontrolę zapachu**, dzięki czemu możesz cieszyć się orzeźwiającym zapachem za każdym razem kiedy otwierasz zmywarkę.Sposób użycia: Przypnij Finish odświeżacz do koszyka zmywarki lub powieś na górnym koszyku zmywarki nie blokując ramion spryskujących. Wymień po zużyciu się płynu (po około 60 zmywaniach). Niektóre rodzaje plastiku mogą przejmować woń kompozycji zapachowej, gdy są myte wraz z odświeżaczem do zmywarki.Sposób użycia:- Wyjmij odświeżacz z opakowania,- Zawieś odświeżacz na górnym koszu zmywarki w taki sposób, aby nie blokował ramion spryskiwaczy,- Wymień odświeżacz po 60 cyklach (kiedy zobaczysz, że płyn w odświeżaczu się skończył)."}, {"header": "Składniki i alergeny", "content": "Składniki:Rose Ketone, Nopyl acetate, Eukalyptol, 2-Methylundecanal, Methone, Nerol, Rhuboflor."}, {"header": "Pozostałe informacje", "content": "Kraj pochodzenia:WęgryKraj pochodzenia zależy od konkretnej partii produktu jaka znajduje się w sklepie. Informację o kraju pochodzenia znajdziesz na opakowaniu. Możesz również dodać komentarz z preferowanym typem produktu w koszyku lub wiadomości dla shoppera (np. “prosze o pomidory polskie”).Producent:Podmiot odpowiedzialny\nRB (Hygiene Home) Poland Sp. z o.o., \nul. Okunin 1,\n05-100 Nowy Dwór Mazowiecki \nconsumercare@reckitt.com\n+48 22 211 26 94Importer:RB (Hygiene Home) Poland Sp. z o.o.Okunin 1 05-100 Nowy Dwór Mazowiecki PLConsumerCare_PL@reckitt.comNazwa wymagana prawnie:Odświeżacz do zmywarki Finish o zapachu Cytryna i limonka"}], "images": ["data/images/0f092a6ec258c9d2fb49508c37d83551.jpg", "data/images/d6db1286b7234d899a3203f081d9936b.jpg"], "absolute_path": "Dla domu/Sprzątanie/Zmywanie naczyń/Produkt 7"}
{"name": "Produkt 5", "url": "https://zakupy.biedronka.pl/fairy-fairy-platinum-plus-tabletki-do-zmywarki-all-in-one-swieza-ziolowa-bryza-17-szt.-0000009597.html", "title": "Fairy Platinum Plus Tabletki do zmywarki All In One Świeża ziołowa bryza 17 szt.", "brand": "Fairy", "price": "39.99 PLN", "packaging_details": "17szt.- 2,35 zł / szt", "description_sections": [{"header": "Opis produktu", "content": "Tabletki do zmywarki All In One Fairy Platinum Plus sprawiają, że naczynia stają się lśniąco czyste. Zapewniają niesamowitą moc Fairy i usuwają nawet nagromadzony z czasem osad, przywracając pierwotny blask naczyń. Fairy Platinum Plus z systemem mycia wstępnego wyręczą Cię w wykonywaniu tej czynności. Fairy Platinum Plus pomogą zaoszczędzić wodę i zadbać o środowisko, eliminując konieczność wstępnego mycia naczyń. Tabletki do zmywarki Fairy to połączenie płynu i proszku w jednej wydajnej kapsułce. Nasze kapsułki szybko się rozpuszczają i zaczynają działać od razu, dzięki czemu są skuteczne również w krótkich cyklach. A ich użycie jest bardzo proste. Nie musisz ich rozpakowywać. Wystarczy umieścić je w dozowniku detergentu zmywarki do naczyń."}, {"header": "Składniki i alergeny", "content": "Składniki:15-30% Związki Wybielające Na Bazie Tlenu, 5-15% Niejonowe Środki Powierzchniowo Czynne, Fosfoniany, <5% Polikarboksylany, Enzymy, Kompozycje Zapachowe"}, {"header": "Przechowywanie i sposób przygotowania", "content": "Sposób podania:Umieść kapsułkę w szufladzie dozownika i natychmiast zamknij. Dłonie muszą być zawsze suche. Nie rozpakowywać ani nie oddzielać sklejonych saszetek. Zamknij szczelnie torebkę po każdym użyciu. 1 kapsułka = 1 mycie. By uzyskać najlepsze rezultaty włóż kapsułkę do szufladki dozującej. Jeśli kapsułka nie mieści się w szufladce, połóż ją na wierzchu kosza na sztućce i wybierz program, który nie zawiera mycia wstępnego. W takich warunkach mycie będzie efektywne, nawet gdy kontrolka sygnalizująca brak soli lub nabłyszczacza będzie zapalona. Dla bardzo twardej wody powyżej 26°e (≤ 5% gospodarstw domowych) zalecane jest użycie dodatkowej soli do zmywarek. Nie używaj do mycia zabytkowej lub ręcznie malowanej porcelany oraz kryształu. Nie należy wkładać do zmywarki do naczyń / myć w zmywarce do naczyń przedmiotów z prawdziwego srebra."}, {"header": "Pozostałe informacje", "content": "Kraj pochodzenia:BelgiaKraj pochodzenia zależy od konkretnej partii produktu jaka znajduje się w sklepie. Informację o kraju pochodzenia znajdziesz na opakowaniu. Możesz również dodać komentarz z preferowanym typem produktu w koszyku lub wiadomości dla shoppera (np. “prosze o pomidory polskie”).Producent:Procter & Gamble DCE BV Belgium Distr. Div., Temselaan 100, B-1853 Strombeek-Bever, BelgiumDystrybutor:Importer:https//www.info-pg.com/Nazwa wymagana prawnie:Fairy Platinum Plus Świeża ziołowa bryza Tabletki do zmywarki All In One, 17 kapsułek"}], "images": ["data/images/de588b2ae29814b6a99c46d6665a04c0.jpg"], "absolute_path": "Dla domu/Sprzątanie/Zmywanie naczyń/Produkt 5"}
{"name": "Produkt 11", "url": "https://zakupy.biedronka.pl/somat-somat-excellence-kapsulki-do-zmywarki-3w1-lemon-48-szt.-8688-g-0001169284.html", "title": "Somat Excellence Kapsułki do zmywarki 3w1 Lemon (48 szt.) 868,8 g", "brand": "Somat", "price": "47.99 PLN", "packaging_details": "48szt.- 1,00 zł / szt", "description_sections": [{"header": "Opis produktu", "content": "Somat Excellence 4w1 Lemon - doskonała czystość, lśniący blask, troska o naczynia i zmywarkę oraz świeży cytrynowy zapach!Kapsułki do zmywarki Somat Excellence 4w1 oferują cztery kluczowe korzyści:- głębokie czyszczenie przypalonych resztek jedzenia i nagromadzonego tłuszczu,- brak zacieków i lśniący połysk,- ochrona delikatnych naczyń przed zniszczeniem,- pielęgnacja zmywarki.Dodatkowo, każda kapsułka pozostawia przyjemny, cytrynowy zapach, który odświeża wnętrze zmywarki po każdym cyklu!Szybko rozpuszczająca się formuła klasy premium łączy proszek czyszczący oraz trzy żelowe komory w biodegradowalnej i w 100% rozpuszczalnej w wodzie folii. Kapsułki Somat są odpowiednie do wszystkich naczyń nadających się do zmywarki: talerzy, szklanek, kubków, butelek, garnków, patelni, plastiku oraz sztućców. Ciesz się olśniewająco czystymi naczyniami po każdym cyklu!Somat dba o środowisko: kapsułka jest biodegradowalna i całkowicie rozpuszcza się w trakcie cyklu płukania. Zakład produkujący kapsułki działa w 100% na energii odnawialnej.Oszczędzaj wodę i energię z Somat! Przejdź na energooszczędny tryb eco- kapsułki skutecznie usuwają resztki jedzenia nawet przy niższych temperaturach. Dzięki temu możesz zmniejszyć zużycie energii nawet o 20%*!Korzyści produktu:- Głębokie czyszczenie przypalonych resztek i tłuszczu- nawet w trybach eco.- Perfekcyjna czystość i nieskazitelny połysk naczyń.- Odświeżający cytrynowy zapach, który eliminuje nieprzyjemne zapachy w zmywarce.- Ochrona delikatnych naczyń przed zniszczeniem.- Specjalna formuła pielęgnująca zmywarkę.Sposób użycia:1. Załaduj zmywarkę.2. Kapsułki nie należy rozpakowywać- folia jest wodorozpuszczalna.3. Umieść ją w komorze na detergent.4. Nie wkładaj kapsułki do koszyka na sztućce ani do pojemnika na sól.5. Uruchom odpowiedni program zmywania.Wskazówki:Pamiętaj o regularnym czyszczeniu zmywarki- użyj Somat Duo Machine Cleaner lub Somat Intense Machine Cleaner, aby zadbać o jej higienę i sprawność.* Dla lekko zabrudzonych naczyń wybierz krótki program w niskiej temperaturze. Dla standardowych zabrudzeń - program eco. Unikaj trybów intensywnych lub przyspieszonych, ponieważ zwiększają one zużycie wody i energii.Subrand:Excellence"}, {"header": "Składniki i alergeny", "content": "Składniki:5-15 %: fosfoniany, środek wybielający na bazie tlenu,<5 % niejonowe środki powierzchniowo czynne,polikarboksylany,enzymy,kompozycja zapachowa (Limonene, Citrus Aurantium Peel Oil)"}, {"header": "Przechowywanie i sposób przygotowania", "content": "Sposób podania:Dozowanie: 1 kapsułka do każdego rodzaju zabrudzeń.  1. Nie zdejmuj folii wodorozpuszczalnej. 2. Umieść kapsułkę w pojemniku na detergent. 3. Nie umieszczaj kapsułki w koszyku na sztućce.  Somat Excellence 3in1 myje skutecznie również wówczas, gdy zmywarka sygnalizuje brak soli i płynu nabłyszczającego. Użycie soli Somat i płynu nabłyszczającego Somat zalecamy w przypadku twardości wody >21°n. Informacje o twardości wody można uzyskać w lokalnym przedsiębiorstwie wodociągowym.  Aby uzyskać jeszcze lepsze rezultaty, stosuj również: Nabłyszczacz Zapewnia jeszcze większy połysk i sprawia, że szkło szybciej schnie. Intensive Machine Cleaner Stosuj raz na trzy miesiące, aby wydłużyć żywotność zmywarki."}, {"header": "Pozostałe informacje", "content": "Producent:Henkel Srbija d.o.o., \nBulevar Oslobođenja 383, \n11040 Beograd, \nSerbiaDystrybutor:Henkel Polska Sp. z o.o.ul. Domaniewska 41 02-672 Warszawa tel. 22 56 56 000consumerservice.pl@henkel.comImporter:Jeronimo Martins Polska S.A.Żniwna 5 62-025 Kostrzyn PLNazwa wymagana prawnie:Somat Excellence Lemon Kapsułki do zmywarki 3w1 868,8 g (48 sztuk)"}], "images": ["data/images/9a5d366558a643a139a91c402dd8f708.jpg"], "absolute_path": "Dla domu/Sprzątanie/Zmywanie naczyń/Produkt 11"}
{"name": "Produkt 13", "url": "https://zakupy.biedronka.pl/frosch-frosch-limonkowe-tabletki-do-zmywarki-70-szt.-1050-g-0000803550.html", "title": "Frosch Limonkowe tabletki do zmywarki (70 szt.) 1050 g", "brand": "Frosch", "price": "44.99 PLN", "packaging_details": "70szt.- 0,64 zł / szt", "description_sections": [{"header": "Opis produktu", "content": "Właściwości: Skuteczna formuła z ekstraktem z limonki usuwa tłuszcz, zaschnięte i przypalone resztki jedzenia, pozostawiając świeży, cytrusowy zapach. Nadają się również do mycia butelek dla dzieci i do zastawy stołowej ze stali nierdzewnej. Karton w 95% z recyklingu i nadający się do recyklingu. Skuteczna i klasyczna formuła pozwala cieszyć się czystymi naczyniami. Wegańskie."}, {"header": "Składniki i alergeny", "content": "Składniki:5-15 % związki wybielające na bazie tlenu,<5 % niejonowe środki powierzchniowo czynne,polikarboksylany,enzymy (amylase, protease),kompozycje zapachowe,Pozostałe składniki: ekstrakt z limonki"}, {"header": "Przechowywanie i sposób przygotowania", "content": "Sposób podania:Zastosowanie: - Dozowanie (przy w pełni załadowanej zmywarce): 1 tabletka. - Umieścić tabletkę w odpowiedniej komorze w zmywarce. - Dla optymalnych rezultatów, niezależnie od stopnia twardości wody, należy stosować z solą do zmywarek i Nabłyszczaczem na bazie bioalkoholu Frosch. - Rada: Wybierz program płukania w niskiej temperaturze. Przestrzeganie zaleceń dozowania pomaga zminimalizować zużycie energii i wody oraz zmniejsza jej zanieczyszczenie. - Tylko do użytku w zmywarkach domowych. - Postępować zgodnie z instrukcjami producenta sprzętu. - Nie czyścić w zmywarce: drewnianych rzeczy, naczyń dekorowanych złotem lub srebrem, aluminium, kryształu lub ręcznie zdobionej porcelany. - Nie chroni szkła przed mechanicznymi uszkodzeniami. - Do specjalnych pojemników na odpady wrzucaj wyłącznie puste opakowania. - Tabletki opakowane w folię samorozpuszczalną - nie zdejmować przed użyciem."}, {"header": "Pozostałe informacje", "content": "Kraj pochodzenia:Produkt UEKraj pochodzenia zależy od konkretnej partii produktu jaka znajduje się w sklepie. Informację o kraju pochodzenia znajdziesz na opakowaniu. Możesz również dodać komentarz z preferowanym typem produktu w koszyku lub wiadomości dla shoppera (np. “prosze o pomidory polskie”).Dystrybutor:Werner & Mertz Delta Polska Sp. z o. o.ul. Londyńska 4/3 03-921 Warszawa tel. 22 241 19 72Importer:Jeronimo Martins Polska S.A.Żniwna 5 62-025 Kostrzyn PLNazwa wymagana prawnie:Frosch Limonkowe tabletki do zmywarki 1050 g (70 sztuk)"}], "images": ["data/images/173b040ace9c9ab2d962fd10bba0f009.jpg"], "absolute_path": "Dla domu/Sprzątanie/Zmywanie naczyń/Produkt 13"}
{"name": "Produkt 14", "url": "https://zakupy.biedronka.pl/kraft-kraft-kapsulki-do-zmywarki-ultimate-lime-27-szt.-405-g-0000006310.html", "title": "Kraft Kapsułki do zmywarki Ultimate Lime 27 szt. 405 g", "brand": "Kraft", "price": "19.99 PLN", "packaging_details": "27szt.- 0,74 zł / szt", "description_sections": [{"header": "Opis produktu", "content": "Zaawansowana technologia zmywaniaNajlepsza formuła kapsułek do zmywarek Kraft o zapachu limonki to gwarancja czystych i lśniących naczyń. Rozpuszczają tłuszcz i usuwają najtrudniejsze zabrudzenia, zapewniając doskonały efekt już w niskich temperaturach i przy krótkim cyklu zmywania."}, {"header": "Składniki i alergeny", "content": "Składniki:15-30% związki wybielające na bazie tlenu, 5-15% niejonowe środki powierzchniowo czynne, <5% polikarboksylany, <5% fosfoniany, <5% enzymy, <5% kompozycja zapachowa (Limonene)"}, {"header": "Pozostałe informacje", "content": "Nazwa wymagana prawnie:Kapsułki do zmywarki"}], "images": ["data/images/492d0862831000accd650df4d8164e4d.jpg", "data/images/19d93ec4f2fb797088d548c620f6ad23.jpg"], "absolute_path": "Dla domu/Sprzątanie/Zmywanie naczyń/Produkt 14"}
{"name": "Produkt 10", "url": "https://zakupy.biedronka.pl/kraft-kraft-sol-do-zmywarki-2-kg-0000001772.html", "title": "Kraft Sól do zmywarki 2 kg", "brand": "Kraft", "price": "6.99 PLN", "packaging_details": "2kg- 3,50 zł / kg", "description_sections": [{"header": "Opis produktu", "content": "Specjalna sól do zmywarek KRAFT zmiękcza wodę i dzięki temu przeciwdziała osadzaniu się kamienia na naczyniach i w zmywarce."}, {"header": "Składniki i alergeny", "content": "Składniki:chlorek sodu"}, {"header": "Pozostałe informacje", "content": "Nazwa wymagana prawnie:Sól do zmywarki"}], "images": ["data/images/eed2c09d3149aabd47471ff17cd04719.jpg"], "absolute_path": "Dla domu/Sprzątanie/Zmywanie naczyń/Produkt 10"}
{"name": "Produkt 12", "url": "https://zakupy.biedronka.pl/finish-finish-kapsulki-do-zmywarki-quantum-all-in-1-lemon-35-szt.-0000014272.html", "title": "Finish Kapsułki do zmywarki Quantum All-in-1 lemon 35 szt.", "brand": "Finish", "price": "36.99 PLN", "packaging_details": "35szt.- 1,06 zł / szt", "description_sections": [{"header": "Opis produktu", "content": "Zalety:- nasza najlepsza czystość - idealny połysk po zmywaniu - potrójna siła kapsułki: moc czyszczenia, odtłuszczania i nabłyszczania - usuwa nawet trudne zabrudzenia bez namaczania wstępnego - ochrona filtrów zmywarki - samorozpuszczalna folia - ochrona szkła i srebra - przyjemny cytrynowy zapach. Finish Quantum ActivBlu – nasz najwyższy poziom czystości i blasku! Finish Quantum z technologią Activblu zapewniają wyższy poziom czystości. Nie będziesz już mieć potrzeby wstępnego płukania ani namaczania. Usuwa przypalone i przyschnięte resztki jedzenia, przebarwienia oraz plamy z tłuszczu nawet w krótkich cyklach. Sprawdź i przekonaj się jak niesamowite efekty osiągniesz już przy pierwszym użyciu. Kapsułki do zmywarki Finish Quantum posiadają 3 komory, by zapewniać moc czyszczenia, która poradzi sobie z każdym wyzwaniem w kuchni! Płynny Powerball – czyści i pozostawia olśniewający połysk Żel w kapsułce - ma moc zwalczania tłuszczu i poradzi sobie nawet z najbardziej uporczywym brudem oraz zapewnia ochronę szkła. Proszek z funkcją namaczania i czyszczenia pomaga usunąć zalegające resztki jedzenia TECHNOLOGIA ACTIVBLU™ zawarta w kapsułkach do zmywania, wzmacnia czyszczącą siłę Finish Quantum i zapewnia niesamowite efekty po zmywaniu!; Uwaga. Działa drażniąco na oczy. Działa drażniąco na skórę. Zawiera Subtylizynę. Może powodować wystąpienie reakcji alergicznej. Chronić przed dziećmi. W PRZYPADKU DOSTANIA SIĘ DO OCZU: Ostrożnie płukać wodą przez kilka minut. Wyjąć soczewki kontaktowe, jeżeli są i można je łatwo usunąć. Nadal płukać. W przypadku utrzymywania się działania drażniącego na oczy: Zasięgnąć porady lekarza. W PRZYPADKU KONTAKTU ZE SKÓRĄ: Umyć dużą ilością wody. Wrazie konieczności zasięgnięcia porady lekarza, należy pokazać pojemnik lub etykietę. UFI: 4Y72-F05V-X00X-XVHT"}, {"header": "Składniki i alergeny", "content": "Składniki:Zawiera Subtylizynę. Może powodować wystąpienie reakcji alergicznej.[Contains Subtilisin. May produce an allergic reaction.]Składniki deklarowane5 % -< 15%: niejonowe środki powierzchniowo czynne5 % -< 15 %: związki wybielające na bazie tlenu5 % -< 15 %: fosfoniany5 % -< 15 %: polikarboksylanyZawiera enzymy (Subtylizyna, Amylasa)Kompozycja zapachowa (Geraniol, Limonen)"}, {"header": "Pozostałe informacje", "content": "Kraj pochodzenia:PolskaKraj pochodzenia zależy od konkretnej partii produktu jaka znajduje się w sklepie. Informację o kraju pochodzenia znajdziesz na opakowaniu. Możesz również dodać komentarz z preferowanym typem produktu w koszyku lub wiadomości dla shoppera (np. “prosze o pomidory polskie”).Producent:Podmiot odpowiedzialny\nRB (Hygiene Home) Poland Sp. z o.o., \nul. Okunin 1,\n05-100 Nowy Dwór Mazowiecki \nconsumercare@reckitt.com\n+48 22 211 26 94Importer:RB (Hygiene Home) Poland Sp. z o.o.Okunin 1 05-100 Nowy Dwór Mazowiecki PLconsumercare@reckitt.comNazwa wymagana prawnie:Finish Kapsułki do zmywarki Quantum All-in-1 lemon 35 szt."}], "images": ["data/images/9165d938dd44b3b9f363f81e4d1d4272.jpg", "data/images/670790da60c6b908c31d16bc60623f43.jpg"], "absolute_path": "Dla domu/Sprzątanie/Zmywanie naczyń/Produkt 12"}
{"name": "Produkt 17", "url": "https://zakupy.biedronka.pl/frosch-frosch-tabletki-do-zmywarek-all-in-1-limonkowe-50-x-18-g-900-g-0000803549.html", "title": "Frosch Tabletki do zmywarek all in 1 limonkowe (50 x 18 g) 900 g", "brand": "Frosch", "price": "44.99 PLN", "packaging_details": "50szt.- 0,90 zł / szt", "description_sections": [{"header": "Opis produktu", "content": "Właściwości- Myje talerze, garnki i patelnie do czysta, nadając im promienny blask.- Skuteczna formuła z limonką usuwa tłuszcz i uporczywe zabrudzenia, pozostawiając świeży, limonkowy zapach.- Formuła łącząca wszystkie funkcje w jednym produkcie all-in-1:Czyszczenie: skuteczne usuwanie tłuszczu, zabrudzeń i zaschniętych resztek jedzenia.Nabłyszczanie: blask naczyń i szkła bez zacieków.Funkcja soli: zapobiega osadzaniu się kamienia.Ochrona szkła: zapobiega powstawaniu zamglenia na szkle i zachowuje jego połysk.Stal nierdzewna: zapewnia blask bez smug.Usuwanie uporczywych zabrudzeń: usuwa nawet mocno przywierające do powierzchni zabrudzenia, np. po mielonym mięsie, owsiance, musztardzie, jajach i mleku.Oszczędzanie energii: czyste i błyszczące naczynia już od 45 ℃."}, {"header": "Składniki i alergeny", "content": "Składniki:5-15 % związki wybielające na bazie tlenu,<5 % niejonowe środki powierzchniowo czynne,polikarboksylany,enzymy (amylase, protease),kompozycje zapachowe,Pozostałe składniki: ekstrakt z owoców cytrusowych"}, {"header": "Przechowywanie i sposób przygotowania", "content": "Sposób podania:Zastosowanie - Dozowanie (przy w pełni załadowanej zmywarce): 1 tabletka. - Umieścić tabletkę w odpowiedniej komorze w zmywarce. Jeżeli tabletka nie mieści się w komorze, skontaktować się z producentem zmywarki lub sprawdzić instrukcję obsługi. - Dodatkowa sól oraz nabłyszczacz są wymagane wyłącznie dla wody o stopniu twardości powyżej 21 °dH.  - Celem uzyskania informacji o twardości wody, skontaktuj się z firmą wodociągową. - Rada: Wybierz program płukania w niskiej temperaturze. Przestrzeganie zaleceń dozowania pomaga zminimalizować zużycie energii i wody oraz zmniejsza jej zanieczyszczenie. - Tylko do użytku w zmywarkach domowych. - Postępować zgodnie z instrukcjami producenta sprzętu. - Nie czyścić w zmywarce: drewnianych rzeczy, naczyń dekorowanych złotem lub srebrem, srebrnych sztućców, aluminium, kryształu lub ręcznie zdobionej porcelany. - Nie chroni szkła przed mechanicznymi uszkodzeniami. - Do specjalnych pojemników na odpady wrzucaj wyłącznie puste opakowania."}, {"header": "Pozostałe informacje", "content": "Kraj pochodzenia:Produkt UEKraj pochodzenia zależy od konkretnej partii produktu jaka znajduje się w sklepie. Informację o kraju pochodzenia znajdziesz na opakowaniu. Możesz również dodać komentarz z preferowanym typem produktu w koszyku lub wiadomości dla shoppera (np. “prosze o pomidory polskie”).Dystrybutor:Werner & Mertz Delta Polska Sp. z o.o.ul. Londyńska 4/3 03-921 Warszawa Tel. 22 241 19 72Importer:Jeronimo Martins Polska S.A.Żniwna 5 62-025 Kostrzyn PLNazwa wymagana prawnie:Frosch Tabletki do zmywarek all in 1 limonkowe 900 g (50 x 18 g)"}], "images": ["data/images/802a2a8676436b22652063772d8da986.jpg"], "absolute_path": "Dla domu/Sprzątanie/Zmywanie naczyń/Produkt 17"}
{"name": "Produkt 15", "url": "https://zakupy.biedronka.pl/kraft-kraft-nablyszczacz-do-zmywarki-1-l-0000005321.html", "title": "Kraft Nabłyszczacz do zmywarki 1 l", "brand": "Kraft", "price": "6.99 PLN", "packaging_details": "1l- 6,99 zł / l", "description_sections": [{"header": "Opis produktu", "content": "Płyn nabłyszczający do zmywarek Kraft to recepta na idealny połysk oraz ochronę szkła i porcelany przed matowieniem i utratą naturalnego blasku. Dodatkowo przyspiesza wysychanie naczyń i zapobiega powstawaniu zacieków."}, {"header": "Składniki i alergeny", "content": "Składniki:5-15% NIEJONOWE ŚRODKI POWIERZCHNIOWO CZYNNE, <5% ŚRODEK KONSERWUJĄCY (BRONOPOL)"}, {"header": "Pozostałe informacje", "content": "Producent:Persán Polska S.A.Dystrybutor:Jeronimo Martins Polska S.A.Żniwna 5 62-025 KostrzynImporter:Jeronimo Martins Polska S.A.Żniwna 5 62-025 Kostrzyn PLNazwa wymagana prawnie:Płyn nabłyszczający"}], "images": ["data/images/0c544a3eca7e59e637d89f899d34f642.jpg", "data/images/7397949b65a3a9e1390bf266ae59293a.jpg"], "absolute_path": "Dla domu/Sprzątanie/Zmywanie naczyń/Produkt 15"}
{"name": "Produkt 1", "url": "https://zakupy.biedronka.pl/ajax-ajax-floral-fiesta-konwalie-plyn-uniwersalny-1-l-0000011244.html", "title": "Ajax Floral Fiesta Konwalie Płyn uniwersalny 1 l", "brand": "Ajax", "price": "7.89 PLN", "packaging_details": "1l- 7,89 zł / l", "description_sections": [{"header": "Opis produktu", "content": "Lśniąco czyste powierzchnie z płynem uniwersalnym do podłóg Ajax Konwalie z linii Floral Fiesta, który wypełnia Twój dom naturalną świeżością nawet przez 24 h."}, {"header": "Przechowywanie i sposób przygotowania", "content": "Sposób podania:Sposób użycia: Do codziennego czyszczenia zmywalnych powierzchni stosować 2 nakrętki produktu na 6l wody. Nie wymaga spłukiwania."}, {"header": "Pozostałe informacje", "content": "Producent:Wybrzeże Gdyńskie 6D, 01-531 WarszawaDystrybutor:Wybrzeże Gdyńskie 6D 01-531 WarszawaNazwa wymagana prawnie:Ajax Floral Fiesta Konwalie płyn uniwersalny 1L"}], "images": ["data/images/f94aa500aacfdfc56cc20da7bef182fa.jpg"], "absolute_path": "Dla domu/Sprzątanie/Płyny do mycia/Produkt 1"}
{"name": "Produkt 2", "url": "https://zakupy.biedronka.pl/ludwik-ludwik-plyn-uniwersalny-baking-soda-1-l-0000018772.html", "title": "Ludwik Płyn uniwersalny baking soda 1 l", "brand": "Ludwik", "price": "8.99 PLN", "packaging_details": "1l- 8,99 zł / l", "description_sections": [{"header": "Opis produktu", "content": "Uniwersalny płyn myjący Ludwik przeznaczony jest do usuwania zanieczyszczeń z wszelkiego rodzaju powierzchni zmywalnych (lakierowanych, ceramicznych i z tworzyw sztucznych). W formie rozcieńczonej może być stosowany do zmywania podłóg i ścian w kuchni oraz w innych pomieszczeniach domowych. W postaci skoncentrowanej skutecznie usuwa silne zabrudzenia z blatów, zlewozmywaków, kuchenek i innych sprzętów.Dostępny w wariantach:Ludwik płyn uniwersalny kwiaty laguny z efektem neutralizującym przykre zapachyLudwik płyn uniwersalny baking sodaLudwik płyn uniwersalny z mydłem marsylskimPosiada Świadectwo Jakości Zdrowotnej Państwowego Zakładu Higieny."}, {"header": "Składniki i alergeny", "content": "Składniki:<5% niejonowe środki powierzchniowo czynne, <5% anionowe środki powierzchniowoczynne, konserwant(Methylchloroisothiazolinone, Methylisothiazolinone, 2-Bromo-2-Nitropropane--1,3-Diol, barwnik (CI 15510), kompozycja zapachowa (Limonene)."}, {"header": "Pozostałe informacje", "content": "Kraj pochodzenia:PolskaKraj pochodzenia zależy od konkretnej partii produktu jaka znajduje się w sklepie. Informację o kraju pochodzenia znajdziesz na opakowaniu. Możesz również dodać komentarz z preferowanym typem produktu w koszyku lub wiadomości dla shoppera (np. “prosze o pomidory polskie”).Importer:Grupa Inco S.AWspólna 25 00-519 Warszawa PLkontakt@inco.plNazwa wymagana prawnie:Ludwik płyn uniwersalny 1l - baking soda"}], "images": ["data/images/615833c42544f910d39d70cf89a81602.jpg", "data/images/591a2570722d027d3e53d100acb6b822.jpg"], "absolute_path": "Dla domu/Sprzątanie/Płyny do mycia/Produkt 2"}
{"name": "Produkt 16", "url": "https://zakupy.biedronka.pl/ludwik-ludwik-maxx-power-pianka-do-naczyn-300-ml-0000023009.html", "title": "Ludwik Maxx Power Pianka do naczyń 300 ml", "brand": "Ludwik", "price": "14.99 PLN", "packaging_details": "0.3kg- 49,97 zł / kg", "description_sections": [{"header": "Opis produktu", "content": "Skoncentrowana pianka do mycia naczyńPianka do naczyń o zapachu cytrusów i zielonej herbaty. Posiada innowacyjną formułę (2x bardziej wydajną*) z systemem Express Anty-tłuszcz, który gwarantuje wysoką skuteczność mycia. Dzięki piance naczynia po umyciu są krystalicznie czyste i lśniące.Produkt nie zawiera barwników, butelka nadaje się do recyklingu.Przebadany dermatologicznie.*w porównaniu do płynu do mycia naczyń Ludwik na podstawie badań wykonanych w niezależnym laboratorium badawczym."}, {"header": "Składniki i alergeny", "content": "Składniki:15-30 % anionowe środki powierzchniowe czynne,<5 % niejonowe środki powierzchniowo czynne,kompozycja zapachowa (Limonene, Linalool, Hexyl Cinnamal, Geraniol)"}, {"header": "Przechowywanie i sposób przygotowania", "content": "Sposób podania:Sposób użycia: Zalecane dozowanie jedno naciśnięcie pompki - 1 doza. W przypadku naczyń mocno zabrudzonych dozowanie można zwiększyć - 2 dozy. Po umyciu naczynia spłukać wodą zdatną do spożycia. Zalecenia: Butelka nadaje się do ponownego napełnienia i wykorzystania."}, {"header": "Pozostałe informacje", "content": "Kraj pochodzenia:PolskaKraj pochodzenia zależy od konkretnej partii produktu jaka znajduje się w sklepie. Informację o kraju pochodzenia znajdziesz na opakowaniu. Możesz również dodać komentarz z preferowanym typem produktu w koszyku lub wiadomości dla shoppera (np. “prosze o pomidory polskie”).Nazwa wymagana prawnie:Ludwik Maxx Power Pianka do naczyń 300 ml"}], "images": ["data/images/09aef389c2df68ee16125e52c4a7d40b.jpg", "data/images/e8062e4915f7bfb657246fbc2bda8a04.jpg", "data/images/76031c838280a9ce8b6ebac055cdc582.jpg"], "absolute_path": "Dla domu/Sprzątanie/Zmywanie naczyń/Produkt 16"}
{"name": "Produkt 3", "url": "https://zakupy.biedronka.pl/cif-cif-spray-kuchnia-power-and-shine-750-ml-0000004918.html", "title": "Cif Spray kuchnia Power & Shine 750 ml", "brand": "Cif", "price": "21.99 PLN", "packaging_details": "0.75l- 29,32 zł / l", "description_sections": [{"header": "Opis produktu", "content": "Spray Cif Cleanboost Uniwersalny Odtłuszczacz do kuchni to 100% skuteczności w walce z uporczywym tłuszczem. Ten płyn czyszczący to idealne rozwiązanie dla osób, które chcą szybko, łatwo i bezpiecznie wyczyścić swoją kuchnię, pozostawiając ją lśniącą i odświeżoną. Ten wydajny środek do czyszczenia poradzi sobie nawet z najbardziej uporczywym, zaschniętym tłuszczem i sprawi, że kuchnia będzie idealnie czysta. Wygodna forma sprayu Cif pozwoli Ci szybko i skutecznie zaprowadzić porządek w kuchni – na płycie indukcyjnej, na kuchence i blatach. Dzięki temu przygotowywanie posiłków i wspólne spędzanie czasu w kuchni stanie się przyjemne i komfortowe. Cif Uniwersalny Odtłuszczacz z wyjątkową technologią Cleanboost nie tylko skutecznie pozbywa się brudu, ale także chroni Twój dom i otoczenie dzięki składnikom czyszczącym w 100% pochodzenia naturalnego oraz w 100% biodegradowalnej formule zapachowej, która jest niedrażniąca i bezpieczna. Po umyciu będziesz cieszyć się schludną kuchnią i delikatnym, świeżym zapachem. Oprócz tego płyn odtłuszczający Cif w sprayu nie pozostawia smug na czyszczonych elementach ani nie zarysowuje ich powierzchni. Aby cieszyć się lśniącą i czystą kuchnią spryskaj sprayem Cif wybrane powierzchnie, pozostaw produkt na kilka sekund i przetrzyj mokrym czyścikiem. W przypadku cięższych zabrudzeń wydłuż czas do paru minut, żeby całkowicie pozbyć się brudu. Jeśli nieskazitelna czystość to coś, o co chcesz zadbać w swoim domu, to koniecznie wypróbuj także inne produkty Cif, takie jak mleczko do czyszczenia czy odkamieniacz!Subrand:Cleanboost"}, {"header": "Składniki i alergeny", "content": "Składniki:<5 % niejonowe środki powierzchniowo czynne, kompozycja zapachowa, Phenoxyethanol"}, {"header": "Przechowywanie i sposób przygotowania", "content": "Sposób podania:Sposób Użycia:Dla pięknego efektu i połysku, spryskaj różne powierzchnie w kuchni, pozostaw na kilka sekund i wytrzyj mokrą ściereczką. Na trudnych zabrudzeniach pozostaw na kilka minut przed wytarciem. Na powierzchniach, które mogą mieć kontakt z żywnością, spłucz pozostałości produktu wodą przeznaczoną do spożycia.Ostrzeżenia:Nie używaj na malowanych lub drewnianych powierzchniach, anodyzowanym aluminium, linoleum i niezabezpieczonym kamieniu. Spłucz dobrze po użyciu na marmurze, naturalnym kamieniu, malowanym metalu i vitroceramice. Zawsze używaj na schłodzonych powierzchniach. Nie używaj na powierzchniach urządzeń, gdzie znajdują się oznaczenia i symbole, przestrzegaj instrukcji producenta urządzenia. Na nowych, nietypowych powierzchniach, wypróbuj najpierw na małej powierzchni w niewidocznym miejscu."}, {"header": "Pozostałe informacje", "content": "Producent:Unilever Polska Sp. z o.o.,\nAl. Jerozolimskie 134,\n02-305 Warszawa,\nPolska\n801 610 610Dystrybutor:Unilever Polska Sp. z o.o.Al. Jerozolimskie 134 02-305 WarszawaNazwa wymagana prawnie:Cif Power & Shine Spray kuchnia 750 ml"}], "images": ["data/images/d3bb1eb16336b177fb072c3094fa2c0c.jpg"], "absolute_path": "Dla domu/Sprzątanie/Spray/Produkt 3"}
{"name": "Produkt 5", "url": "https://zakupy.biedronka.pl/tytan-tytan-plyn-dezynfekujacy-lazienki-500-g-0000014216.html", "title": "Tytan Płyn dezynfekujący łazienki 500 g", "brand": "Tytan", "price": "6.99 PLN", "packaging_details": "0.5l- 13,98 zł / l", "description_sections": [{"header": "Opis produktu", "content": "Płyn do czyszczenia i dezynfekcji łazienki Tytan - sprayPreparat przeznaczony do mycia oraz dezynfekcji wszystkich powierzchni łazienkowych w warunkach przemysłowych i domowych oraz zakładach użyteczności publicznej. Produkt przeznaczony do dezynfekcji powierzchni niemających kontaktu z żywnością."}, {"header": "Składniki i alergeny", "content": "Składniki:Zawiera: mniej niż 5 %: niejonowych środków powierzchniowo czynnych, anoniowych środków powierzchniowo czynnych; substancję dezynfekującą, kompozycję zapachową, DMDM Hydantoin"}, {"header": "Przechowywanie i sposób przygotowania", "content": "Sposób podania:Sposób użycia: Czyszczenie: Przekręcić końcówkę do pozycji „On”. Spryskać zabrudzoną powierzchnię, a następnie wytrzeć. Dezynfekcja: niewielką ilością płynu zwilżyć czystą powierzchnię. Po min. 20 minutach wytrzeć i zetrzeć wilgotną gąbką. Uwaga: Nie używać do marmuru, drewna, powierzchni porowatych i zniszczonych. Nie mieszać z innymi środkami czyszczącymi. Na powierzchniach budzących podejrzenia lub wątpliwości, co do możliwości uszkodzenia przez płyn, przeprowadzić próbę w miejscach niewidocznych."}, {"header": "Pozostałe informacje", "content": "Dystrybutor:Zakłady Chemiczne „UNIA\" Spółdzielnia Pracy61-005 Poznań ul. Gł ówna 14kontakt@unia.plNazwa wymagana prawnie:Tytan Płyn dezynfekujący łazienki 500 g"}], "images": ["data/images/26862112c281f4476728acc61f1b6239.jpg"], "absolute_path": "Dla domu/Sprzątanie/Spray/Produkt 5"}
{"name": "Produkt 4", "url": "https://zakupy.biedronka.pl/cillit-bang-cillit-bang-spray-do-czyszczenia-lazienki-kamien-i-brud-750-ml-0000017166.html", "title": "Cillit Bang Spray do czyszczenia łazienki kamień i brud 750 ml", "brand": "Cillit Bang", "price": "19.89 PLN", "packaging_details": "0.75l- 26,52 zł / l", "description_sections": [{"header": "Opis produktu", "content": "Nowy Cillit Bang Kamień i Brud z Turbo Power działa w kilka sekund. Skutecznie usuwa kamień, osady z mydła, rdzę i zabrudzenia. Bang! I po brudzie!Idealnie czyści: Oporne i lekkie osady z kamienia i mydła, rdzę i zwykłe zabrudzenia. Wiele powierzchni jak zlew, wanny, toalety, kabiny prysznicowe, ceramiczne podłogi. Powierzchnie szklane, akrylowe i ceramiczne.DLACZEGO WARTO WYBRAĆ CILLIT BANG?NIEZAWODNA FORMUŁA ZERO KAMIENIA:- Usuwa 100% kamienia;- Usuwa ponad 40 zabrudzeń;- Skuteczny w walce z brudem, delikatny dla powierzchni;- Ułatwia czyszczenie;- Butelka wykonana w 75% z materiału pochodzącego z recyklingu.Sposób użycia:1. Ustaw dyszę w pozycji ON i spryskaj powierzchnię.2. W celu wyczyszczenia powierzchni pozostaw na 5 min. W przypadku trudnych zabrudzeń pozostaw na maksymalnie 20 minut.3. Wyczyść, spłucz i wysusz powierzchnię. Ustaw dyszę ponownie w pozycji OFF. (wymagany sposób użycia). Nie stosować do: kamieni naturalnych, mosiądzu, miedzi, tekstyliów, linoleum. Przed użyciem zawsze sprawdzaj działanie produktu na mało widocznej powierzchni (min. 5 minut przed użyciem)."}, {"header": "Pozostałe informacje", "content": "Kraj pochodzenia:PolskaKraj pochodzenia zależy od konkretnej partii produktu jaka znajduje się w sklepie. Informację o kraju pochodzenia znajdziesz na opakowaniu. Możesz również dodać komentarz z preferowanym typem produktu w koszyku lub wiadomości dla shoppera (np. “prosze o pomidory polskie”).Producent:RB (Hygiene Home) Poland Sp. z o.o.Okunin 1 05-100 Nowy Dwór Mazowiecki PLconsumercare@reckitt.comImporter:RB (Hygiene Home) Poland Sp. z o.o.Okunin 1 05-100 Nowy Dwór Mazowiecki PLConsumerCare_PL@reckitt.comNazwa wymagana prawnie:Cillit Bang Expert Zero Kamienia i Brudu"}], "images": ["data/images/b7de97da91221be114e9f8b0b3874441.jpg"], "absolute_path": "Dla domu/Sprzątanie/Spray/Produkt 4"}
{"name": "Produkt 1", "url": "https://zakupy.biedronka.pl/cif-cif-powerandshine-lazienka-powerandshine-750-ml-0000004919.html", "title": "Cif Power&Shine Łazienka Power&Shine 750 ml", "brand": "Cif", "price": "21.99 PLN", "packaging_details": "0.75l- 29,32 zł / l", "description_sections": [{"header": "Opis produktu", "content": "Teraz Cif Power&Shine Łazienka w nowym opakowaniu i z jeszcze lepszą formulacją. To Twoja nowa broń w walce z nawet najbardziej uporczywymi zabrudzeniami jak osady z kamienia, twardej wody, kosmetyków i mydła. Składniki czyszczące kamień pochodzenia w 100% naturalnego sprawiają, że skutecznie usuwa kamień ze wszystkich powierzchni pozostawiając świeży zapach czystości. Spray wykorzystuje biodegradowalne substancje czyszczące i zapewnia połysk bez smug czyszczonych powierzchni. Nie chcesz generować więcej plastiku? Uzupełnij opakowanie naszym Cif ecorefill i ciesz się czystoscią łazienki dbając o środowisko."}, {"header": "Pozostałe informacje", "content": "Kraj pochodzenia:Wielka BrytaniaKraj pochodzenia zależy od konkretnej partii produktu jaka znajduje się w sklepie. Informację o kraju pochodzenia znajdziesz na opakowaniu. Możesz również dodać komentarz z preferowanym typem produktu w koszyku lub wiadomości dla shoppera (np. “prosze o pomidory polskie”).Producent:Unilever Polska Sp. z o.o.\nAl. Jerozolimskie 134,\n02-305 Warszawa,\nPolska\n801 610 610Dystrybutor:Unilever Polska Sp. z o.o.Al. Jerozolimskie 134 02-305 Warszawainfolinia.pl@unilever.comNazwa wymagana prawnie:Cif Power & Shine Spray Łazienka"}], "images": ["data/images/fd2771e46ffecba1234bfa5b8ffbe370.jpg"], "absolute_path": "Dla domu/Sprzątanie/Spray/Produkt 1"}
{"name": "Produkt 2", "url": "https://zakupy.biedronka.pl/cillit-bang-cillit-bang-spray-do-czyszczenia-lazienki-czystosc-i-higiena-750-ml-0000017163.html", "title": "Cillit Bang Spray do czyszczenia łazienki czystość i higiena 750 ml", "brand": "Cillit Bang", "price": "19.89 PLN", "packaging_details": "0.75l- 26,52 zł / l", "description_sections": [{"header": "Opis produktu", "content": "Nowy Cillit Bang Czystość i Higienia działa w kilka sekund. Skutecznie usuwa zaschnięty brud, pleśń oraz uporczywe plamy z herbaty, kawy i wina. Bang! I po brudzie!CILLIT BANG CZYSTOŚĆ I HIGIENA. Ponieważ sam wybielacz dezynfekuje, ale nie usuwa wszystkich zabrudzeń stworzyliśmy Cillit Bang CZYSTOŚC I HIGIENA! Jego formuła łączy w sobie wybielacz i silne środki czyszczące, aby w ciągu kilku minut wyeliminować 99,9% bakterii i wirusów, usunąć nawet zaschnięty brud i w 100% pozbyć się pleśni, zapewniając lśniąco czysty dom na co dzień!Produktów biobójczych należy używać z zachowaniem środków ostrożności. Przed każdym użyciem należy przeczytać etykietę i informacje dotyczące produktu.DLACZEGO WARTO WYBRAĆ CILLIT BANG?CZYSTOŚC I HIGIENA W TWOIM DOMU:- Zabija 99,9% bakterii i wirusów;- Zapewnia higieniczną czystość i usuwa 100% pleśni;- 2in1 Czyści i Dezynfekuje.Dezynfekuje: umywalki, zlewozmywaki, kosze na śmieci i inne urządzenia: wanny, kabiny prysznicowe, muszle klozetowe, płytki ceramiczne, powierzchnie chromowe, podłogi, powierzchnie mające bezpośrednią styczność z żywnością, blaty kuchenne. Produkt gotowy do użycia.Sposób użycia: Stosować ostrożnie, zawiera wybielacz. Przed użyciem należy zawsze sprawdzić działanie produktu na niewidocznej części powierzchni. 1. Trzymając produkt z dala od twarzy, przekręć dyszę do pozycji \"ON\". 2. Trzymając butelkę w pozycji pionowej, spryskaj zabrudzoną powierzchnię z odległości 20-30 cm. 3. W celu usunięcia bakterii, grzybów i wirusów pozostaw produkt na powierzchni przez 5 minut. 4. Wytrzyj za pomocą ściereczki lub gąbki. 5. Spłucz dokładnie wodą. 6. Po zakończeniu czyszczenia przekręć dyszę do pozycji \"OFF\". (wymagany sposób użycia). Nie stosować na: tkaniny, dywany, drewno, mosiądz, miedź. W przypadku kontaktu z tymi powierzchniami natychmiast spłukać wodą. Długotrwały kontakt z metalem, starą porcelaną, laminowanym plastikiem może spowodować przebarwienia. Zawsze należy przeprowadzić test w niewidocznym miejscu, aby upewnić się, że produkt jest kompatybilny z daną powierzchnią."}, {"header": "Pozostałe informacje", "content": "Kraj pochodzenia:PolskaKraj pochodzenia zależy od konkretnej partii produktu jaka znajduje się w sklepie. Informację o kraju pochodzenia znajdziesz na opakowaniu. Możesz również dodać komentarz z preferowanym typem produktu w koszyku lub wiadomości dla shoppera (np. “prosze o pomidory polskie”).Producent:Podmiot odpowiedzialny\nRB (Hygiene Home) Poland Sp. z o.o.,\nul. Okunin 1,\n05-100 Nowy Dwór Mazowiecki\nconsumercare@reckitt.com\n+48 22 211 26 94Importer:RB (Hygiene Home) Poland Sp. z o.o.Okunin 1 05-100 Nowy Dwór Mazowiecki PLConsumerCare_PL@reckitt.comNazwa wymagana prawnie:Cillit Bang Czystość i Higiena"}], "images": ["data/images/10e2b8270dcb6e14b1cdd2a3a7bf22dd.jpg"], "absolute_path": "Dla domu/Sprzątanie/Spray/Produkt 2"}
{"name": "Produkt 6", "url": "https://zakupy.biedronka.pl/domestos-domestos-power-foam-floral-fresh-czyszczaca-piana-toaleta-i-lazienka-435-ml-0000014860.html", "title": "Domestos Power Foam Floral Fresh Czyszcząca piana toaleta i łazienka 435 ml", "brand": "Domestos", "price": "18.99 PLN", "packaging_details": "0.435l- 43,66 zł / l", "description_sections": [{"header": "Opis produktu", "content": "Szukasz skutecznego produktu do czyszczenia, który szybko rozprawi się z bakteriami i zarazkami w Twojej łazience? Domestos Power Foam Floral Fresh w postaci aktywnej piany błyskawicznie i bezproblemowo dotrze do nawet trudno dostępnych miejsc, wyeliminuje bakterie oraz zarazki z toalety i łazienki, pozostawiając ją lśniąco czystą i bezpieczną. Ten płyn do czyszczenia ma działanie bakteriobójcze oraz biobójcze wobec wirusów i eliminuje aż 99,99%* zarazków. Zapomnij o żmudnym czyszczeniu toalety! Połączenie aktywnej formuły pianki i wygodnego sprayu, który działa nawet w pozycji do góry nogami, ułatwi sprzątanie, przyspieszy czyszczenie i już po chwili pozwoli Ci cieszyć się bezwzględną higieną i świeżym zapachem. Płynem wyczyścisz i zdezynfekujesz nie tylko toaletę, ale również wszystkie powierzchnie łazienkowe – płytki, umywalkę, kabinę prysznicową. Rozprowadź go równomiernie na powierzchniach w łazience, które chcesz wyczyścić, pod górną krawędzią toalety, na zewnątrz i wewnątrz muszli klozetowej oraz na desce sedesowej. Pozostaw piankę na co najmniej 30 minut, po czym przetrzyj mokrą ściereczką i spłucz wodą. Jeśli masz do czynienia z wyjątkowo uporczywym brudem i osadem z kamienia, użyj szczotki. Wypróbuj także inne środki czyszczące, np. Domestos Zero Kamienia Żel do toalet i kostki do WC. Dzięki połączeniu działania produktów Domestos, brud i zarazki nie będą mieć szans, a toaleta i łazienka będą lśnić czystością. Jako marka walczymy ze złymi warunkami sanitarnymi lokalnie i na świecie, pomagając osobom z utrudnionym dostępem do toalet. Wspieramy także szkoły w utrzymaniu toalet w czystości, by dzieci mogły uczyć się w lepszych warunkach i miały zapewniony codzienny komfort. Odwiedź naszą stronę internetową, by dowiedzieć się więcej o współpracy Domestos z organizacją charytatywną UNICEF, mającą na celu zapewnienie ludziom dostępu do czystych i bezpiecznych toalet na całym świecie. * Zabija bakterie oraz wirusy osłonkowe.Subrand:Domestos Power Foam Płyn do toalety i łazienki Floral Fresh 435 ml"}, {"header": "Składniki i alergeny", "content": "Składniki:<5 % amfoteryczne środki powierzchniowo czynne,kationowe środki powierzchniowo czynne,niejonowe środki powierzchniowo czynne,kompozycje zapachowe,Hexyl Cinnamal,Linalool,Substancja czynna: alkil (C12-16) chlorku dimetylobenzyloamonu (ADBAC/BKC (C12-16)) 0,75 g na 100 g"}, {"header": "Przechowywanie i sposób przygotowania", "content": "Sposób podania:Instrukcja użycia: Płyn do stosowania w postaci piany, o działaniu bakteriobójczym oraz bójczym wobec wirusów osłonkowych przeznaczony do czyszczenia oraz dezynfekcji toalet i powierzchni łazienkowych tj. płytki, umywalki i kabiny prysznicowe. Sposób użycia/ dezynfekcja: rozprowadź produkt równomiernie na powierzchniach łazienkowych oraz pod górną krawędzią toalety, na wewnętrznej i zewnętrznej powierzchni muszli oraz deski sedesowej. Pozostaw produkt przez co najmniej 30 minut, aby wyczyścić i zdezynfekować powierzchnie. Po użyciu spłucz wodą lub przetrzyj mokrą ściereczką. W przypadku silnych osadów z kamienia i zabrudzeń w toalecie użyj szczotki i/lub Domestos Zero Kamienia Żel do toalet. Dostępny refill (butelka zapasowa): Po zużyciu Domestos Power Foam Czyszcząca Piana Toaleta i Łazienka możesz użyć aplikatora z tego produktu do butelki uzupełniającej Domestos Power Foam Czyszcząca Piana Toaleta i Łazienka. Jeden aplikator wystarcza na 30 butelek.  W przypadku silnie zabrudzonych powierzchni wykonaj wstępne czyszczenie przed dezynfekcją."}, {"header": "Pozostałe informacje", "content": "Dystrybutor:Jeronimo Martins Polska S.A.Żniwna 5 62-025 Kostrzyn PLImporter:Jeronimo Martins Polska S.A.Żniwna 5 62-025 Kostrzyn PLNazwa wymagana prawnie:Domestos Power Foam Floral Fresh Czyszcząca piana toaleta i łazienka 435 ml"}], "images": ["data/images/87d909ce5a280550728bee8d3fec578d.jpg"], "absolute_path": "Dla domu/Sprzątanie/Spray/Produkt 6"}
{"name": "Produkt 9", "url": "https://zakupy.biedronka.pl/domestos-domestos-power-foam-arctic-fresh-czyszczaca-piana-toaleta-i-lazienka-435-ml-0000014859.html", "title": "Domestos Power Foam Arctic Fresh Czyszcząca piana toaleta i łazienka 435 ml", "brand": "Domestos", "price": "18.99 PLN", "packaging_details": "0.435l- 43,66 zł / l", "description_sections": [{"header": "Opis produktu", "content": "Szukasz skutecznego produktu do czyszczenia, który szybko rozprawi się z bakteriami i zarazkami w Twojej łazience? Domestos Power Foam Arctic Fresh w postaci aktywnej piany błyskawicznie i bezproblemowo dotrze do nawet trudno dostępnych miejsc, wyeliminuje bakterie oraz zarazki z toalety i łazienki, pozostawiając ją lśniąco czystą i bezpieczną. Ten płyn do czyszczenia ma działanie bakteriobójcze oraz biobójcze wobec wirusów i eliminuje aż 99,99%* zarazków. Zapomnij o żmudnym czyszczeniu toalety! Połączenie aktywnej formuły pianki i wygodnego sprayu, który działa nawet w pozycji do góry nogami, ułatwi sprzątanie, przyspieszy czyszczenie i już po chwili pozwoli Ci cieszyć się bezwzględną higieną i świeżym zapachem. Płynem wyczyścisz i zdezynfekujesz nie tylko toaletę, ale również wszystkie powierzchnie łazienkowe – płytki, umywalkę, kabinę prysznicową. Rozprowadź go równomiernie na powierzchniach w łazience, które chcesz wyczyścić, pod górną krawędzią toalety, na zewnątrz i wewnątrz muszli klozetowej oraz na desce sedesowej. Pozostaw piankę na co najmniej 30 minut, po czym przetrzyj mokrą ściereczką i spłucz wodą. Jeśli masz do czynienia z wyjątkowo uporczywym brudem i osadem z kamienia, użyj szczotki. Wypróbuj także inne środki czyszczące, np. Domestos Zero Kamienia Żel do toalet i kostki do WC. Dzięki połączeniu działania produktów Domestos, brud i zarazki nie będą mieć szans, a toaleta i łazienka będą lśnić czystością. Jako marka walczymy ze złymi warunkami sanitarnymi lokalnie i na świecie, pomagając osobom z utrudnionym dostępem do toalet. Wspieramy także szkoły w utrzymaniu toalet w czystości, by dzieci mogły uczyć się w lepszych warunkach i miały zapewniony codzienny komfort. Odwiedź naszą stronę internetową, by dowiedzieć się więcej o współpracy Domestos z organizacją charytatywną UNICEF, mającą na celu zapewnienie ludziom dostępu do czystych i bezpiecznych toalet na całym świecie. *Zabija bakterie oraz wirusy osłonkowe."}, {"header": "Składniki i alergeny", "content": "Składniki:<5 % amfoteryczne środki powierzchniowo czynne,kationowe środki powierzchniowo czynne,niejonowe środki powierzchniowo czynne,kompozycje zapachowe,Linalool,Substancja czynna: alkil (C12-16) chlorku dimetylobenzyloamonu (ADBAC/BKC (C12-16)) 0,75 g na 100 g"}, {"header": "Przechowywanie i sposób przygotowania", "content": "Sposób podania:Instrukcja użycia: Płyn do stosowania w postaci piany, o działaniu bakteriobójczym oraz bójczym wobec wirusów osłonkowych przeznaczony do czyszczenia oraz dezynfekcji toalet i powierzchni łazienkowych tj. płytki, umywalki i kabiny prysznicowe. Sposób użycia/ dezynfekcja: Rozprowadź produkt równomiernie na powierzchniach łazienkowych oraz pod górną krawędzią toalety, na wewnętrznej i zewnętrznej powierzchni muszli oraz deski sedesowej. Pozostaw produkt przez co najmniej 30 minut, aby wyczyścić i zdezynfekować powierzchnie. Po użyciu spłucz wodą lub przetrzyj mokrą ściereczką. W przypadku silnych osadów z kamienia i zabrudzeń w toalecie użyj szczotki i/lub Domestos zero kamienia żel do toalet. Dostępny Refill (butelka zapasowa): po zużyciu Domestos Power Foam czyszcząca piana toaleta i łazienka możesz użyć aplikatora z tego produktu do butelki uzupełniającej Domestos Power Foam czyszcząca piana toaleta i łazienka. Jeden aplikator wystarcza na 30 butelek.  W przypadku silnie zabrudzonych powierzchni wykonaj wstępne czyszczenie przed dezynfekcją."}, {"header": "Pozostałe informacje", "content": "Dystrybutor:Jeronimo Martins Polska S.A.Żniwna 5 62-025 Kostrzyn PLImporter:Jeronimo Martins Polska S.A.Żniwna 5 62-025 Kostrzyn PLNazwa wymagana prawnie:Domestos Power Foam Arctic Fresh Czyszcząca piana toaleta i łazienka 435 ml"}], "images": ["data/images/1395ca4cfaadee164ddf23c8b9e807c9.jpg"], "absolute_path": "Dla domu/Sprzątanie/Spray/Produkt 9"}
{"name": "Produkt 7", "url": "https://zakupy.biedronka.pl/tytan-tytan-plyn-do-mycia-i-dezynfekcji-kabin-prysznicowych-lawenda-500-g-0000014214.html", "title": "Tytan Płyn do mycia i dezynfekcji kabin prysznicowych lawenda 500 g", "brand": "Tytan", "price": "6.99 PLN", "packaging_details": "0.5l- 13,98 zł / l", "description_sections": [{"header": "Opis produktu", "content": "Płyn do mycia i dezynfekcji kabin prysznicowych TytanPreparat przeznaczony do mycia oraz dezynfekcji kabin prysznicowych w warunkach przemysłowych i domowych oraz zakładach użyteczności publicznej.Skutecznie usuwa osady z kamienia, mydła, zacieków wodnych i innych zabrudzeń. Nowo opracowana formuła Streak-Free Shine, tworzy warstwę ochronną na powierzchniach odpychając osad z kamienia i zmniejszając skłonność powierzchni do parowania. Usprawnia proces czyszczenia szkła, plastiku, powierzchni z chromu, stali nierdzewnej, glazury oraz terakoty. Ponadto skutecznie czyści brodziki i wanny. Dzięki specjalnemu rozpylaczowi może zostać naniesiony w postaci płynu lub piany, która spowalnia spływanie preparatu z powierzchni pionowych. Nie rysuje powierzchni, pozostawia świeżość i połysk."}, {"header": "Składniki i alergeny", "content": "Składniki:Zawiera: substancję czynną kwas L-(+)- mlekowy - 16 g/kg, kwas glikolowy - 0,7 g/kg; mniej niż 5 %: niejonowych środków powierzchniowo czynnych, anionowych środków powierzchniowo czynnych; substancje dezynfekującą, kompozycje zapachową, DMDM hydantoin"}, {"header": "Przechowywanie i sposób przygotowania", "content": "Sposób podania:Sposób użycia: Czyszczenie: Przekręcić końcówkę do pozycji „On\". Spryskać zabrudzoną powierzchnię, a następie wytrzeć. Dezynfekcja: PT2 działanie po czasie kontaktu: bakteriobójcze 5 min., grzybobójcze 15 min., wirusobójcze 5 min. Stosować na czyste powierzchnie. W przypadku dezynfekcji powierzchni, spryskać z odległości 15 cm dezynfekowaną powierzchnię, nie dopuszczając do wyschnięcia powierzchni. Następnie, po upływie wskazanego wyżej czasu kontaktu, powierzchnię przemyć i zetrzeć wilgotną ściereczką.Uwaga: Nie używać do marmuru, drewna, powierzchni porowatych i zniszczonych. Nie mieszać z innymi środkami czyszczącymi. Na powierzchniach budzących podejrzenia lub wątpliwości, co do możliwości uszkodzenia przez płyn, przeprowadzić próbę w miejscach niewidocznych."}, {"header": "Pozostałe informacje", "content": "Dystrybutor:kontakt@unia.plNazwa wymagana prawnie:Tytan Płyn do mycia i dezynfekcji kabin prysznicowych lawenda 500 g"}], "images": ["data/images/95ffe1111725d70500f573da24d10b7f.jpg"], "absolute_path": "Dla domu/Sprzątanie/Spray/Produkt 7"}
{"name": "Produkt 10", "url": "https://zakupy.biedronka.pl/cillit-bang-cillit-bang-spray-do-czyszczenia-lazienki-koniec-z-plesnia-750-ml-0000017164.html", "title": "Cillit Bang Spray do czyszczenia łazienki koniec z pleśnią 750 ml", "brand": "Cillit Bang", "price": "19.89 PLN", "packaging_details": "0.75l- 26,52 zł / l", "description_sections": [{"header": "Opis produktu", "content": "Skuteczna formuła Cillit Bang Koniec z Pleśnią! działa bez szorowania. Łączy środki czyszczące i dezynfekujące, aby w 100% pozbyć się pleśni i zabija 99,9% bakterii i wirusów zapewniając lśniąco czysty i zdrowy dom na co dzień.Produktów biobójczych należy używać z zachowaniem środków ostrożności. Przed każdym użyciem należy przeczytać etykietę i informacje dotyczące produktu.DLACZEGO WARTO WYBRAĆ CILLIT BANG?KONIEC Z PLEŚNIĄ- Usuwa 100% pleśni zapewniając idealne rezultaty- Zapewnia higieniczną czystość i zabija 99,9% bakterii i wirusów- 2in1 Czyści i Dezynfekuje.JAK I GDZIE UŻYĆ CILLIT BANG KONIEC Z PLEŚNIĄ?Użyj Cillit Bang KONIEC Z PLEŚNIĄ, aby łatwo usunąć 100% pleśni z Twojego domu.Cilit Bang KONIEC Z PLEŚNIĄ idealnie czyści: wanny, kabiny i zasłony prysznicowe, umywalki, zlewy, toalety, fugi, kafelki, odpływy, szafki i blaty.Bakteriobójczy, grzybobójczy i wirusobójczy płyn do dezynfekcji powierzchni niemających kontaktu z żywnością. Zabija bakterie, grzyby, wirusy. Produkt gotowy do użycia.Sposób użycia: Stosować ostrożnie, zawiera wybielacz. Przed użyciem należy zawsze sprawdzić działanie produktu na niewidocznej części powierzchni. 1. Trzymając produkt z dala od twarzy, przekręć dyszę do pozycji \"ON\". 2. Trzymając butelkę w pozycji pionowej, spryskaj zabrudzoną powierzchnię z odległości 20-30 cm. 3. W celu usunięcia bakterii, grzybów i wirusów pozostaw produkt na powierzchni przez 5 minut. 4. Wytrzyj za pomocą ściereczki lub gąbki. 5. Spłucz dokładnie wodą. 6. Po zakończeniu czyszczenia przekręć dyszę do pozycji \"OFF\". (wymagany sposób użycia). Nie stosować na: tkaniny, dywany, drewno, mosiądz, miedź. W przypadku kontaktu z tymi powierzchniami natychmiast spłukać wodą. Długotrwały kontakt z metalem, starą porcelaną, laminowanym plastikiem może spowodować przebarwienia. Zawsze należy przeprowadzić test w niewidocznym miejscu, aby upewnić się, że produkt jest kompatybilny z daną powierzchnią."}, {"header": "Pozostałe informacje", "content": "Kraj pochodzenia:PolskaKraj pochodzenia zależy od konkretnej partii produktu jaka znajduje się w sklepie. Informację o kraju pochodzenia znajdziesz na opakowaniu. Możesz również dodać komentarz z preferowanym typem produktu w koszyku lub wiadomości dla shoppera (np. “prosze o pomidory polskie”).Producent:Podmiot odpowiedzialny\nRB (Hygiene Home) Poland Sp. z o.o.,\nul. Okunin 1,\n05-100 Nowy Dwór Mazowiecki\nconsumercare@reckitt.com\n+48 22 211 26 94Importer:RB (Hygiene Home) Poland Sp. z o.o.Okunin 1 05-100 Nowy Dwór Mazowiecki PLConsumerCare_PL@reckitt.comNazwa wymagana prawnie:Cillit Bang Koniec z Pleśnią"}], "images": ["data/images/a5e4eb494caf70fbab9d99bbaab80503.jpg"], "absolute_path": "Dla domu/Sprzątanie/Spray/Produkt 10"}
{"name": "Produkt 8", "url": "https://zakupy.biedronka.pl/domestos-domestos-power-foam-citrus-blast-czyszczaca-piana-toaleta-i-lazienka-435-ml-0000014858.html", "title": "Domestos Power Foam Citrus Blast Czyszcząca piana toaleta i łazienka 435 ml", "brand": "Domestos", "price": "18.99 PLN", "packaging_details": "0.435l- 43,66 zł / l", "description_sections": [{"header": "Opis produktu", "content": "Szukasz skutecznego produktu do czyszczenia, który szybko rozprawi się z bakteriami i zarazkami w Twojej łazience? Domestos Power Foam Citrus Blast w postaci aktywnej piany błyskawicznie i bezproblemowo dotrze do nawet trudno dostępnych miejsc, wyeliminuje bakterie oraz zarazki z toalety i łazienki, pozostawiając ją lśniąco czystą i bezpieczną. Ten płyn do czyszczenia ma działanie bakteriobójcze oraz biobójcze wobec wirusów i eliminuje aż 99,99%* zarazków. Zapomnij o żmudnym czyszczeniu toalety! Połączenie aktywnej formuły pianki i wygodnego sprayu, który działa nawet w pozycji do góry nogami, ułatwi sprzątanie, przyspieszy czyszczenie i już po chwili pozwoli Ci cieszyć się bezwzględną higieną i świeżym zapachem. Płynem wyczyścisz i zdezynfekujesz nie tylko toaletę, ale również wszystkie powierzchnie łazienkowe – płytki, umywalkę, kabinę prysznicową. Rozprowadź go równomiernie na powierzchniach w łazience, które chcesz wyczyścić, pod górną krawędzią toalety, na zewnątrz i wewnątrz muszli klozetowej oraz na desce sedesowej. Pozostaw piankę na co najmniej 30 minut, po czym przetrzyj mokrą ściereczką i spłucz wodą. Jeśli masz do czynienia z wyjątkowo uporczywym brudem i osadem z kamienia, użyj szczotki. Wypróbuj także inne środki czyszczące, np. Domestos Zero Kamienia Żel do toalet i kostki do WC. Dzięki połączeniu działania produktów Domestos, brud i zarazki nie będą mieć szans, a toaleta i łazienka będą lśnić czystością. Jako marka walczymy ze złymi warunkami sanitarnymi lokalnie i na świecie, pomagając osobom z utrudnionym dostępem do toalet. Wspieramy także szkoły w utrzymaniu toalet w czystości, by dzieci mogły uczyć się w lepszych warunkach i miały zapewniony codzienny komfort. Odwiedź naszą stronę internetową, by dowiedzieć się więcej o współpracy Domestos z organizacją charytatywną UNICEF, mającą na celu zapewnienie ludziom dostępu do czystych i bezpiecznych toalet na całym świecie. *Zabija bakterie oraz wirusy osłonkowe."}, {"header": "Składniki i alergeny", "content": "Składniki:<5 % amfoteryczne środki powierzchniowo czynne,kationowe środki powierzchniowo czynne,niejonowe środki powierzchniowo czynne,kompozycje zapachowe,Substancja czynna: alkil (C12-16) chlorku dimetylobenzyloamonu (ADBAC/BKC (C12-16)) 0,75 g na 100 g"}, {"header": "Przechowywanie i sposób przygotowania", "content": "Sposób podania:Instrukcja użycia:  Płyn do stosowania w postaci piany, o działaniu bakteriobójczym oraz bójczym wobec wirusów osłonkowych przeznaczony do czyszczenia oraz dezynfekcji toalet i powierzchni łazienkowych tj. płytki, umywalki i kabiny prysznicowe. Sposób użycia/ dezynfekcja: rozprowadź produkt równomiernie na powierzchniach łazienkowych oraz pod górną krawędzią toalety, na wewnętrznej i zewnętrznej powierzchni muszli oraz deski sedesowej. Pozostaw produkt przez co najmniej 30 minut, aby wyczyścić i zdezynfekować powierzchnie. Po użyciu spłucz wodą lub przetrzyj mokrą ściereczką. W przypadku silnych osadów z kamienia i zabrudzeń w toalecie użyj szczotki i/lub Domestos Zero Kamienia żel do toalet. Dostępny refill (butelka zapasowa): po zużyciu Domestos Power Foam czyszcząca piana toaleta i łazienka możesz użyć aplikatora z tego produktu do butelki uzupełniającej Domestos Power Foam Czyszcząca Piana Toaleta i Łazienka. Jeden aplikator wystarcza na 30 butelek.  W przypadku silnie zabrudzonych powierzchni wykonaj wstępne czyszczenie przed dezynfekcją."}, {"header": "Pozostałe informacje", "content": "Dystrybutor:Jeronimo Martins Polska S.A.Żniwna 5 62-025 Kostrzyn PLImporter:Jeronimo Martins Polska S.A.Żniwna 5 62-025 Kostrzyn PLNazwa wymagana prawnie:Domestos Power Foam Citrus Blast Czyszcząca piana toaleta i łazienka 435 ml"}], "images": ["data/images/15bcbb53b44e6f35c0ab046d70de01b0.jpg"], "absolute_path": "Dla domu/Sprzątanie/Spray/Produkt 8"}
{"name": "Produkt 12", "url": "https://zakupy.biedronka.pl/pronto-pronto-plyn-do-czyszczenia-roznych-powierzchni-everyday-clean-multi-surface-500-ml-0000012966.html", "title": "Pronto Płyn do czyszczenia różnych powierzchni Everyday Clean Multi-Surface 500 ml", "brand": "Pronto", "price": "11.99 PLN", "packaging_details": "0.5l- 23,98 zł / l", "description_sections": [{"header": "Opis produktu", "content": "Pronto Everyday Clean Multi-Surface to środek czyszczący o zrównoważonym pH do stosowania na różnych powierzchniach w całym domu. Przeznaczony do usuwania zabrudzeń, jednak wystarczająco delikatny do codziennego użytku. Nasza formula delikatnie czyści większość twardych powierzchni, usuwając kurz i zabrudzenia bez uszkadzania powierzchni oraz bez pozostawiania smug i osadów - pozostawia jedynie piękny dom. Nie zawiera silikonu.Subrand:Everyday Clean"}, {"header": "Składniki i alergeny", "content": "Składniki:<5 % niejonowe środki powierzchniowo czynne,kompozycja zapachowa,Methylisothiazolinone"}, {"header": "Przechowywanie i sposób przygotowania", "content": "Sposób podania:Sposób użycia: Ustawić dyszę w pozycji On. Spryskać i wytrzeć miękką szmatką lub papierem. Nie jest konieczne spłukiwanie. Przed zastosowaniem na urządzeniach elektrycznych rozpylić produkt bezpośrednio na szmatkę i postępować zgodnie z instrukcjami producenta. Przed użyciem na innej powierzchni sprawdzić działanie w mniej widocznym miejscu. Uwaga: przed użyciem produktu na urządzeniach elektronicznych należy odłączyć je od prądu. Do stosowania na: plastiku, polerowanym granicie i marmurze, chromie, stali nierdzewnej, szkle, lustrach, zabezpieczonym drewnie, laminowanym drewnie, elektronice i wielu innych powierzchniach."}, {"header": "Pozostałe informacje", "content": "Producent:SC Johnson Sp. z o.o.,\nul. Taśmowa 7,\n02-677 Warszawa,\ntel.: +48 22 445 88 00\nInfolinia 0801 11 12 11\n(koszt połącz. wg taryfy operatora)Dystrybutor:SC Johnson Sp. z o.o.ul. Taśmowa 7 02-677  WarszawaNazwa wymagana prawnie:Pronto Everyday Clean Multi-Surface Płyn do czyszczenia różnych powierzchni 500 ml"}], "images": ["data/images/0bca0c90205fac10f85483a7f11ebab1.jpg"], "absolute_path": "Dla domu/Sprzątanie/Spray/Produkt 12"}
{"name": "Produkt 1", "url": "https://zakupy.biedronka.pl/bref-bref-wc-deluxe-zawieszka-myjaco-zapachowa-do-muszli-wc-magiczny-kwiat-2-x-50-g-0000013217.html", "title": "Bref WC DeLuxe Zawieszka myjąco-zapachowa do muszli WC magiczny kwiat 2 x 50 g", "brand": "Bref", "price": "14.99 PLN", "packaging_details": "0.1kg- 149,90 zł / kg", "description_sections": [{"header": "Opis produktu", "content": "Nowy Bref DeLuxe Magiczny Kwiat to kostki do toalet, łączące w sobie elegancki i subtelny zapach premium inspirowany perfumami, ochronę przed osadzaniem się kamienia i namnażaniu się zabrudzeń, a także aktywną pianę, która czyści toaletę przy każdym spłukaniu. Ciesz się eleganckim zapachem Bref w Twojej toalecie!"}, {"header": "Składniki i alergeny", "content": "Składniki:> 30 %anionowe środki powierzchniowo czynne5 - 15 %niejonowe środki powierzchniowo czynnePozostałe składniki:kompozycja zapachowa (Linalool, Benzyl salicylate, Hydroxycitronellal, Coumarin, Alpha-isomethyl ionone)"}, {"header": "Pozostałe informacje", "content": "Kraj pochodzenia:PolskaKraj pochodzenia zależy od konkretnej partii produktu jaka znajduje się w sklepie. Informację o kraju pochodzenia znajdziesz na opakowaniu. Możesz również dodać komentarz z preferowanym typem produktu w koszyku lub wiadomości dla shoppera (np. “prosze o pomidory polskie”).Nazwa wymagana prawnie:Bref Deluxe magiczny kwiat. Zawieszka myjaco-zapachowa do muszli WC"}], "images": ["data/images/6c0fcdbd9f4bdde55263f0340ad1fcbf.jpg"], "absolute_path": "Dla domu/Sprzątanie/Do rur i wc/Produkt 1"}
{"name": "Produkt 2", "url": "https://zakupy.biedronka.pl/bref-bref-deluxe-krolewska-orchidea-2x50-g-0000013219.html", "title": "Bref DeLuxe Królewska Orchidea 2X50 g", "brand": "Bref", "price": "14.99 PLN", "packaging_details": "0.1kg- 149,90 zł / kg", "description_sections": [{"header": "Opis produktu", "content": "Nowy Bref DeLuxe Królewska Orchidea to kostki do toalet, łączące w sobie elegancki i subtelny zapach premium inspirowany perfumami, ochronę przed osadzaniem się kamienia i namnażaniu się zabrudzeń, a także aktywną pianę, która czyści toaletę przy każdym spłukaniu. Ciesz się eleganckim zapachem Bref w Twojej toalecie!"}, {"header": "Składniki i alergeny", "content": "Składniki:>30 % anionowe środki powierzchniowo czynne,5-15 % niejonowe środki powierzchniowo czynne,kompozycja zapachowa (Alpha-Isomethyl Ionone, Limonene, Linalool)"}, {"header": "Pozostałe informacje", "content": "Dystrybutor:Henkel Polskaul. Domaniewska 41 02-672 Warszawadominik.klepczynski@henkel.comNazwa wymagana prawnie:Bref DeLuxe Królewska Orchidea 2X50g Zawieszka myjąco-zapachowa do muszli WC"}], "images": ["data/images/4786583809c828626debcffea63124a7.jpg"], "absolute_path": "Dla domu/Sprzątanie/Do rur i wc/Produkt 2"}
{"name": "Produkt 11", "url": "https://zakupy.biedronka.pl/tytan-tytan-plyn-dezynfekujacy-kuchnie-500-g-0000014215.html", "title": "Tytan Płyn dezynfekujący kuchnie 500 g", "brand": "Tytan", "price": "6.99 PLN", "packaging_details": "0.5l- 13,98 zł / l", "description_sections": [{"header": "Opis produktu", "content": "Płyn do czyszczenia i dezynfekcji kuchni Tytan - sprayPreparat przeznaczony do mycia oraz dezynfekcji wszystkich powierzchni kuchennych (również kontaktujących się z żywnością) w sektorze żywnościowym, warunkach przemysłowych i domowych oraz zakładach użyteczności publicznej."}, {"header": "Przechowywanie i sposób przygotowania", "content": "Sposób podania:Sposób użycia: Czyszczenie: Przekręcić końcówkę do pozycji \"On\". Spryskać zabrudzoną powierzchnię, a następnie wytrzeć. Dezynfekcja: niewielką ilością płynu zwilżyć czystą powierzchnię. Po min. 20 minutach wytrzeć i zetrzeć wilgotną gąbką. Powierzchnie spłukać wodą zdatną do spożycia. Uwaga: Powierzchnie, po czyszczeniu i dezynfekcji przeprowadzonej zgodnie ze sposobem użycia, są bezpieczne w kontakcie z żywnością. Nie stosować na zużytych, uszkodzonych, popękanych powierzchniach oraz wykonanych z naturalnego kamienia i marmuru. Na powierzchniach akrylowych, lakierowanych lub budzących podejrzenia, co do możliwości uszkodzenia przez płyn, przeprowadzić próbę w niewidocznym miejscu."}, {"header": "Pozostałe informacje", "content": "Dystrybutor:kontakt@unia.plNazwa wymagana prawnie:Tytan Płyn dezynfekujący kuchnie 500 g"}], "images": ["data/images/c22d94e2a1ef8a2a2309a92101d953e3.jpg"], "absolute_path": "Dla domu/Sprzątanie/Spray/Produkt 11"}
{"name": "Produkt 1", "url": "https://zakupy.biedronka.pl/clin-clin-lemon-plyn-do-mycia-powierzchni-szklanych-500-ml-0000000106.html", "title": "Clin Lemon Płyn do mycia powierzchni szklanych 500 ml", "brand": "Clin", "price": "9.85 PLN", "packaging_details": "0.5l- 19,70 zł / l", "description_sections": [{"header": "Opis produktu", "content": "Clin Lemon dzięki zastosowanemu bio-alkoholowi, składnikowi pochodzenia naturalnego, posiada delikatniejszy i bardziej przyjemny zapach oraz zapewnia długotrwały połysk bez smug."}, {"header": "Składniki i alergeny", "content": "Składniki:<5 % anionowe środki powierzchniowo czynne,kompozycja zapachowa,środek konserwujący: Benzisothiazolinone"}, {"header": "Przechowywanie i sposób przygotowania", "content": "Sposób podania:Sposób użycia: Spryskaj mytą powierzchnię i wytrzyj suchą ściereczką."}, {"header": "Pozostałe informacje", "content": "Producent:Henkel Central Eastern Europe Operations GmbH,\n1030 Vienna,\nErdbergstrasse 29,\nAustriaDystrybutor:Henkel Polska Sp. z o.o.ul. Domaniewska 41 02-672 Warszawahenkel.polska@henkel.comNazwa wymagana prawnie:Clin Lemon Płyn do mycia powierzchni szklanych 500 ml"}], "images": ["data/images/6f0f73dc0b77a6a5f670d587c831062b.jpg", "data/images/5dff312aa7baf4d6b51eedb6dcc4a9e7.jpg", "data/images/346768468b95ab99338484c771d57728.jpg", "data/images/7b931f52545543de12ee94a5a11ecd49.jpg", "data/images/17df6c1cafcb3eabd5df6c11ad21ed9e.jpg"], "absolute_path": "Dla domu/Sprzątanie/Do szyb/Produkt 1"}
{"name": "Produkt 4", "url": "https://zakupy.biedronka.pl/domestos-domestos-plyn-czyszczaco-dezynfekujacy-przedluzona-moc-citrus-fresh-1-l-0000019162.html", "title": "Domestos Płyn czyszcząco-dezynfekujący Przedłużona Moc Citrus Fresh 1 l", "brand": "Domestos", "price": "14.99 PLN", "packaging_details": "1l- 14,99 zł / l", "description_sections": [{"header": "Opis produktu", "content": "Co powiesz na produkt, który skróci czas sprzątania, wyeliminuje 99,9% bakterii oraz pozostawi toaletę świeżą i czystą? Oto on – płyn do czyszczenia toalet Domestos Przedłużona Moc Citrus Fresh, który skutecznie i na długo rozprawia się z brudem, zarazkami oraz usuwa kamień, a także wybiela i pozostawia odświeżający, cyrusowy zapach. Czy nie brzmi dobrze?Gęsta konsystencja doskonale pokrywa całą muszlę, a aktywne cząsteczki zapobiegają osadzaniu się kamienia. Dzięki wyprofilowanej szyjce opakowania, wygodnie i szybko dotrzesz do trudno dostępnych miejsc. Twoja toaleta będzie błyszczeć!Butelka płynu o pojemności 1 l wykonana jest z plastiku pochodzącego z recyklingu, a więc wybór tego produktu przyczynia się również do działania na rzecz walki z plastikiem i ograniczenia ilości odpadów.Jak to działa? Wystarczy, że rozprowadzisz płyn po powierzchni, którą chcesz wyczyścić, odczekasz 15 minut i dokładnie spłuczesz. W przypadku powierzchni, która nie była wcześniej umyta, odczekaj około 30 minut. Możesz również zostawić żel do WC na noc i spłukać go następnego dnia.Jako marka walczymy ze złymi warunkami sanitarnymi lokalnie i na świecie, pomagając osobom z utrudnionym dostępem do toalet. Wspieramy także szkoły w utrzymaniu toalet w czystości, by dzieci mogły uczyć się w lepszych warunkach i miały zapewniony komfort. Odwiedź naszą stronę internetową, by dowiedzieć się więcej o naszej współpracy z organizacją charytatywną UNICEF, mającą na celu zapewnienie ludziom dostępu do czystych, bezpiecznych toalet na całym świecie.Dla jeszcze lepszego efektu, wypróbuj także inne środki czyszczące Domestos, np. kostki do WC. Dzięki połączeniu produktów Domestos brud i zarazki nie będą mieć szans!Subrand:Przedłużona Moc"}, {"header": "Składniki i alergeny", "content": "Składniki:<5% związki wybielające na bazie chloru,niejonowe środki powierzchniowo czynne,mydło,kompozycja zapachowa,Zawiera substancje czynną: podchloryn sodu: 4,5 g /100 g (aktywny chlor 4,28%)"}, {"header": "Przechowywanie i sposób przygotowania", "content": "Sposób podania:Sposób użycia: By otworzyć: ściśnij nakrętkę i przekręć w kierunku odwrotnym do ruchu wskazówek zegara. Po użyciu: nałóż nakrętkę i przekręć zgodnie z ruchami wskazówek zegara aż usłyszysz kliknięcie.Dezynfekcja - nierozcieńczony: Proces dezynfekcji poprzedzić myciem powierzchni. Działanie bakteriobójcze, grzybobójcze, sporobójcze i wirusobójcze - po 15 min. Na powierzchniach nieumytych: po 30 min. Muszle toaletowe: rozprowadzić równomiernie pod górną krawędzią muszli (około 80 ml), pozostawić na noc by zabić zarazki, spłukać. Skuteczność bójcza (zakres bakteriobójczy i drożdżakobójczy) do 7 spłukań toalety. Dla optymalnych rezultatów i długotrwałej ochrony przed kamieniem i zarazkami używaj produktu co najmniej raz dziennie. Wlot studzienki wanny, umywalki: wlać, aby wydezynfekować i usunąć przykry zapach. Pozostawić na noc, spłukać. Przed użyciem na delikatnych powierzchniach (wanny, umywalki) sprawdzić najpierw w mało widocznym miejscu.Dezynfekcja - rozcieńczony: Proces dezynfekcji poprzedzić dokładnym myciem powierzchni / materiałów. Duże powierzchnie (np. podłogi, kafelki, powierzchnie robocze): działanie bakteriobójcze, grzybobójcze, wirusobójcze - po 15 minutach. Dodać 180 ml płynu (1 nakrętka = 15 ml) do 5 l wody. Ściereczki i gąbki do mycia naczyń: dodać 90 ml płynu do 2,5 l wody. Spłukać wodą przeznaczoną do spożycia. Rozcieńczony - wybielanie: do wybielania białych tkanin użyć 20 ml płynu na 5 litrów wody, moczyć przez noc, wypłukać.Szpitale i inne zakłady opieki zdrowotnej (powierzchnie czyste, wolne od zanieczyszczeń organicznych): działanie bakteriobójcze, grzybobójcze, wirusobójcze. Powierzchnie dokładnie umyć przed przystąpieniem do dezynfekcji. Aby zdezynfekować należy rozcieńczyć preparat w proporcji 1:3 (1 część Domestos : 2 części wody). Spłukać po 15 min.Zalecenia: Stosuj zgodnie z zaleceniami. Nie używać na emalii i powierzchniach metalizowanych (chromowanych, pozłacanych, itp.). Nie używać do jedwabiu, wełny, tkanin kolorowych, sztucznych i innych delikatnych materiałów, skóry lub na naczyniach o specjalnej powierzchni (np. ogniotrwałej). Zawsze odnosić się do instrukcji producenta. W przypadku wylania się płynu, natychmiast dokładnie zmyć powierzchnię czystą wodą. Po użyciu umyć ręce. Przechowywać w oryginalnym opakowaniu w chłodnym miejscu w pozycji pionowej, z dala od żywności. Odpowiedni do stosowania w gospodarstwach domowych posiadających szambo. Odpady i odpady pojedynczych opakowań traktować jak odpady z gospodarstwa domowego. Pomieszczenie wietrzyć do zaniku charakterystycznego zapachu. Nie wdychać par."}, {"header": "Pozostałe informacje", "content": "Dystrybutor:Unilever Polska Sp. z o.o.Al. Jerozolimskie 134 02-305 Warszawa PolskaNazwa wymagana prawnie:Zagęszczony płyn czyszcząco-dezynfekujący"}], "images": ["data/images/1163645ab972915dd11179cb31629266.jpg"], "absolute_path": "Dla domu/Sprzątanie/Do rur i wc/Produkt 4"}
{"name": "Produkt 6", "url": "https://zakupy.biedronka.pl/bref-bref-zawieszka-myjaco-zapachowa-do-muszli-wc-spa-moments-harmony-2-x-50-g-0000014407.html", "title": "Bref Zawieszka myjąco-zapachowa do muszli WC Spa Moments Harmony 2 x 50 g", "brand": "Bref", "price": "14.99 PLN", "packaging_details": "0.1kg- 149,90 zł / kg", "description_sections": [{"header": "Opis produktu", "content": "Bref Spa Moments, dzięki wyjątkowej kompozycji zawierającej olejki eteryczne zamieni Twoją toaletę w domowe spa. Z każdym spłukaniem uwalnia się przyjemny zapach, pozostawiając długotrwały efekt świeżości oraz przytulną atmosferę. Czysta i świeża toaleta z Bref!4-funkcyjna formuła1. Dodatkowa świeżośćZapewnia na długo zapach świeżości w łazience2. Aktywna pianaCzyści toaletę podczas każdego spłukania3. Efekt odkamienianiaZapobiega osadzaniu się osadu z kamienia4. Ochrona przed brudemZapobiega przywieraniu nowych zabrudzeńSubrand:Spa Moments"}, {"header": "Składniki i alergeny", "content": "Składniki:>30 % anionowe środki powierzchniowo czynne,5-15 % niejonowe środki powierzchniowo czynne,kompozycja zapachowa (Citronellol, Hexyl Cinnamal, Limonene, Linalool)"}, {"header": "Przechowywanie i sposób przygotowania", "content": "Sposób podania:Sposób użycia: Zawieś Bref pod obrzeżem muszli toaletowej.Natychmiast zetrzeć zachlapania zabarwioną wodą z deski sedesowej lub innych powierzchni."}, {"header": "Pozostałe informacje", "content": "Dystrybutor:Henkel Polska Sp. z o.o.ul. Domaniewska 41 02-672 Warszawahenkel.polska@henkel.comNazwa wymagana prawnie:Bref WC Spa Moments Harmony Zawieszka myjąco-zapachowa do muszli WC 2 x 50 g"}], "images": ["data/images/678450e3c81edf72534ee92c09adc7fc.jpg"], "absolute_path": "Dla domu/Sprzątanie/Do rur i wc/Produkt 6"}
{"name": "Produkt 3", "url": "https://zakupy.biedronka.pl/domestos-domestos-plyn-czyszczaco-dezynfekujacy-przedluzona-moc-atlantic-fresh-1-l-0000019160.html", "title": "Domestos Płyn czyszcząco-dezynfekujący Przedłużona Moc Atlantic Fresh 1 l", "brand": "Domestos", "price": "14.99 PLN", "packaging_details": "1l- 14,99 zł / l", "description_sections": [{"header": "Opis produktu", "content": "Co powiesz na detergent, który zapewnia maksymalną ochronę przed zarazkami, zapobiega osadzaniu się kamienia, skutecznie i niezawodnie czyści Twoją toaletę i na długo pozostawia ją świeżą i czystą? Co powiesz na produkt, dzięki któremu zdezynfekujesz większe powierzchnie, kafelki, płytki i podłogi? Tego wszystkiego dokona płyn do czyszczenia toalet Domestos Przedłużona Moc Ocean Fresh. To lider, z którym trudno konkurować. Jego gęsta, żelowa konsystencja ma właściwości biobójcze, doskonale pokrywa całą muszlę i eliminuje 99,9% bakterii i wirusów nawet poniżej linii wody. Płyn dezynfekujący i do toalet Domestos to kolejna generacja chlorowych płynów z cząsteczkami zapobiegającymi osadzaniu się kamienia na całej powierzchni muszli. Dzięki specjalnie wyprofilowanej szyjce opakowania płyn do dezynfekcji bez problemu dotrze do trudnodostępnych miejsc. Stosowany regularnie stanowi barierę ochronną nie tylko przed bakteriami, zarazkami, sporami i grzybami, ale także przed kamieniem. Oprócz tego wybiela toaletę, zostawiając po sobie czystość i świeży, oceaniczny zapach. Korzystaj z niego codziennie, a moc będzie z Tobą! W zależności od pożądanego efektu używaj go bezpośrednio lub w rozcieńczeniu. Jeśli chcesz wyczyścić toaletę, pokryj wnętrze muszli nierozcieńczonym płynem Domestos i najlepiej pozostaw na noc (zapewni to jeszcze lepsze działanie biobójcze). Do wyczyszczenia większych powierzchni rozcieńcz płyn w stosunku 180 ml płynu (jedna nakrętka) na 5 l wody. By utrzymać jego działanie, koniecznie zastosuj kostki toaletowe Domestos Power 5.Subrand:Przedłużona Moc"}, {"header": "Składniki i alergeny", "content": "Składniki:<5 % związki wybielające na bazie chloru,niejonowe środki powierzchniowo czynne,mydło,kompozycja zapachowa,Zawiera substancję czynną: aktywny chlor uwolniony przez podchloryn sodu: 4,28 g / 100 g"}, {"header": "Przechowywanie i sposób przygotowania", "content": "Sposób podania:Sposób użycia: By otworzyć: ściśnij nakrętkę i przekręć w kierunku odwrotnym do ruchu wskazówek zegara. Po użyciu: nałóż nakrętkę i przekręć zgodnie z ruchami wskazówek zegara aż usłyszysz kliknięcie. Dezynfekcja - nierozcieńczony: Proces dezynfekcji poprzedzić myciem powierzchni. Działanie bakteriobójcze, grzybobójcze, sporobójcze i wirusobójcze - po 15 min. Na powierzchniach nieumytych: po 30 min. Muszle toaletowe: rozprowadzić równomiernie pod górną krawędzią muszli (około 80 ml), pozostawić na noc by zabić zarazki, spłukać. Skuteczność bójcza (zakres bakteriobójczy i drożdżakobójczy) do 7 spłukań toalety. Dla optymalnych rezultatów i długotrwałej ochrony przed kamieniem i zarazkami używaj produktu co najmniej raz dziennie. Wlot studzienki wanny, umywalki: wlać, aby zdezynfekować i usunąć przykry zapach. Pozostawić na noc, spłukać. Przed użyciem na delikatnych powierzchniach (wanny, umywalki) sprawdzić najpierw w mało widocznym miejscu. Dezynfekcja - rozcieńczony: Proces dezynfekcji poprzedzić dokładnym myciem powierzchni / materiałów. Duże powierzchnie (np. podłogi, kafelki, powierzchnie robocze): działanie bakteriobójcze, grzybobójcze, wirusobójcze - po 15 minutach. Dodać 180 ml płynu (1 nakrętka = 15 ml) do 5 l wody. Ściereczki i gąbki do mycia naczyń: dodać 90 ml płynu do 2,5 l wody. Spłukać wodą przeznaczona do spożycia. Rozcieńczony - wybielanie: do wybielania białych tkanin użyć 20 ml płynu na 5 litrów wody, moczyć przez noc, wypłukać. Szpitale i inne zakłady opieki zdrowotnej (powierzchnie czyste, wolne od zanieczyszczeń organicznych): działanie bakteriobójcze, grzybobójcze, wirusobójcze. Powierzchnie dokładnie umyć przed przystąpieniem do dezynfekcji. Aby zdezynfekować należy rozcieńczyć preparat w proporcji 1:3 (1 część Domestos: 2 części wody). Spłukać po 15 min. Zalecenia: Stosuj zgodnie z zaleceniami. Nie używać na emalii i powierzchniach metalizowanych (chromowanych, pozłacanych, itp.). Nie używać do jedwabiu, wełny, tkanin kolorowych, sztucznych i innych delikatnych materiałów, skóry lub na naczyniach o specjalnej powierzchni (np. ogniotrwałej). Zawsze odnosić się do instrukcji producenta. W przypadku wylania się płynu, natychmiast dokładnie zmyć powierzchnię czystą wodą. Po użyciu umyć ręce. Przechowywać w oryginalnym opakowaniu w chłodnym miejscu w pozycji pionowej, z dala od żywności. Odpowiedni do stosowania w gospodarstwach domowych posiadających szambo. Odpady i odpady pojedynczych opakowań traktować jak odpady z gospodarstwa domowego. Pomieszczenie wietrzyć do zaniku charakterystycznego zapachu. Nie wdychać par."}, {"header": "Pozostałe informacje", "content": "Nazwa wymagana prawnie:Domestos Przedłużona Moc Atlantic Fresh Płyn czyszcząco-dezynfekujący 1 l"}], "images": ["data/images/d7ed4a7fc22d79acc99498bd3dfeeccd.jpg"], "absolute_path": "Dla domu/Sprzątanie/Do rur i wc/Produkt 3"}
{"name": "Produkt 7", "url": "https://zakupy.biedronka.pl/kret-kret-zel-do-udrozniania-rur-1-kg-0000005615.html", "title": "Kret Żel do udrożniania rur 1 kg", "brand": "Kret", "price": "16.99 PLN", "packaging_details": "1kg- 16,99 zł / kg", "description_sections": [{"header": "Opis produktu", "content": "Specjalnie opracowana płynna formuła, która przenikając przez stojącą wodę dociera do zatorów – skutecznie je likwidując: * osadza się na ściankach rur przedłużając proces działania, likwiduje nieprzyjemne zapachy, *doskonały zarówno w kuchni i łazience likwiduje zatory organiczne ( tłuszcz, włosy, papier, odpadki kuchenne), produkt nagrodzony: laur konsumenta 2009 laur konsumenta - grand prix 2011"}, {"header": "Składniki i alergeny", "content": "Składniki:poniżej 5% związki wybielające na bazie aktywnego chloru, niejonowe środki powierzchniowo czynne, anionowe środki powierzchniowo czynne"}, {"header": "Pozostałe informacje", "content": "Kraj pochodzenia:PolskaKraj pochodzenia zależy od konkretnej partii produktu jaka znajduje się w sklepie. Informację o kraju pochodzenia znajdziesz na opakowaniu. Możesz również dodać komentarz z preferowanym typem produktu w koszyku lub wiadomości dla shoppera (np. “prosze o pomidory polskie”).Dystrybutor:Dr. Miele Cosmed Group S.A.Wielkopolska 3 26-600 Radomrecepcja@dr-miele.euNazwa wymagana prawnie:Kret Żel do udrożniania rur 1kg"}], "images": ["data/images/2bf77ba0a0a44bdf86974ec19385d377.jpg", "data/images/709b81f1a0305e016497ae572f5ec3c6.jpg"], "absolute_path": "Dla domu/Sprzątanie/Do rur i wc/Produkt 7"}
{"name": "Produkt 5", "url": "https://zakupy.biedronka.pl/bref-bref-color-aktiv-zawieszka-do-wc-swieze-kwiaty-2x50-g-0000004511.html", "title": "Bref Color Aktiv Zawieszka do WC świeże kwiaty 2x50 g", "brand": "Bref", "price": "17.99 PLN", "packaging_details": "0.1kg- 179,90 zł / kg", "description_sections": [{"header": "Opis produktu", "content": "Czy nie byłoby wspaniale, gdyby Twoja toaleta była zawsze czysta i świeża jak błękitna laguna?Dzięki niebieskim kuleczkom wodnym, Bref Blue Aktiv w widoczny sposób utrzymuje czystość i świeżość toalety, również pomiędzy spłukaniami. Jak? Gdy spłukujesz toaletę, koszyczek Blue Aktiv zbiera ją, wzbogaca o składniki aktywne i uwalnia pod koniec spłukania. Dowodem jest błękitny kolor wody pozostającej w toalecie dla maksymalnej czystości i świeżości nawet pomiędzy spłukaniami!"}, {"header": "Składniki i alergeny", "content": "Składniki:Zapach: kwiatowy"}, {"header": "Pozostałe informacje", "content": "Kraj pochodzenia:SerbiaKraj pochodzenia zależy od konkretnej partii produktu jaka znajduje się w sklepie. Informację o kraju pochodzenia znajdziesz na opakowaniu. Możesz również dodać komentarz z preferowanym typem produktu w koszyku lub wiadomości dla shoppera (np. “prosze o pomidory polskie”).Dystrybutor:Henkel Polskaul. Domaniewska 41 02-672 Warszawadominik.klepczynski@henkel.comNazwa wymagana prawnie:Zawieszka do muszli WC Bref Blue Aktiv 2x50g"}], "images": ["data/images/6e9592e884c5ec70691acac358ab20e5.jpg", "data/images/a7db9864386eb571e31a33bf2d95dd84.jpg"], "absolute_path": "Dla domu/Sprzątanie/Do rur i wc/Produkt 5"}
{"name": "Produkt 8", "url": "https://zakupy.biedronka.pl/domestos-domestos-plyn-czyszczaco-dezynfekujacy-przedluzona-moc-pine-fresh-1-l-0000018766.html", "title": "Domestos Płyn czyszcząco-dezynfekujący Przedłużona Moc Pine Fresh 1 l", "brand": "Domestos", "price": "14.99 PLN", "packaging_details": "1l- 14,99 zł / l", "description_sections": [{"header": "Opis produktu", "content": "Płyn do czyszczenia toalet Domestos Przedłużona Moc Pine Fresh to niezastąpiona pomoc w utrzymaniu czystości Twojej toalety. Dzięki jego specjalnym składnikom penetracja brudu jest niezwykle skuteczna, a najtrudniejsze zabrudzenia są usuwane bez problemu.Żel ten nie tylko oczyszcza powierzchnie, ale także je dezynfekuje, eliminując zarazki i bakterie. To ważne, zwłaszcza w toalecie, gdzie higiena jest niezwykle istotna. Jego gęsta konsystencja doskonale pokrywa całą muszlę i sprawia, że płyn nie spływa z jej powierzchni, co ułatwia skierowanie go tam, gdzie jest najbardziej potrzebny. Aktywne cząsteczki przylegają wówczas do ścianek toalety i zapobiegają osadzaniu się kamienia. Dzięki wyprofilowanej szyjce butelki płyn dezynfekujący bez problemu rozprawi się z brudem i zarazkami nawet w trudno dostępnych miejscach.Aby Twoja toaleta pozostawała bezpieczna i czysta, nanieś niewielką ilość płynu pod wewnętrzną krawędzią muszli, użyj szczotki w razie potrzeby, by go równomiernie rozprowadzić, a następnie spłucz i natychmiast poczuj odświeżający zapach lasu. Pomimo swojej silnej mocy czyszczącej żel do wc Domestos nie uszkadza powierzchni muszli i możesz go stosować bez obaw.Wybierając ten płyn do dezynfekcji toalet, wspierasz również naszą walkę ze złymi warunkami sanitarnymi, w której towarzyszy nam organizacja charytatywna UNICEF. Naszym celem jest zapewnienie ludziom na całym świecie dostępu do higienicznych i bezpiecznych toalet. Wypróbuj także inne produkty Domestos, aby Twoja łazienka lśniła czystością!Subrand:Przedłużona Moc"}, {"header": "Składniki i alergeny", "content": "Składniki:<5% związki wybielające na bazie chloru,niejonowe środki powierzchniowo czynne,mydło,kompozycja zapachowa,Zawiera substancje czynną: podchloryn sodu: 4,5 g /100 g (aktywny chlor 4,28%)"}, {"header": "Przechowywanie i sposób przygotowania", "content": "Sposób podania:Sposób użycia: By otworzyć: ściśnij nakrętkę i przekręć w kierunku odwrotnym do ruchu wskazówek zegara. Po użyciu: nałóż nakrętkę i przekręć zgodnie z ruchami wskazówek zegara aż usłyszysz kliknięcie.Dezynfekcja - nierozcieńczony: Proces dezynfekcji poprzedzić myciem powierzchni. Działanie bakteriobójcze, grzybobójcze, sporobójcze i wirusobójcze - po 15 min. Na powierzchniach nieumytych: po 30 min. Muszle toaletowe: rozprowadzić równomiernie pod górną krawędzią muszli (około 80 ml), pozostawić na noc by zabić zarazki, spłukać. Skuteczność bójcza (zakres bakteriobójczy i drożdżakobójczy) do 7 spłukań toalety. Dla optymalnych rezultatów i długotrwałej ochrony przed kamieniem i zarazkami używaj produktu co najmniej raz dziennie. Wlot studzienki wanny, umywalki: wlać, aby wydezynfekować i usunąć przykry zapach. Pozostawić na noc, spłukać. Przed użyciem na delikatnych powierzchniach (wanny, umywalki) sprawdzić najpierw w mało widocznym miejscu.Dezynfekcja - rozcieńczony: Proces dezynfekcji poprzedzić dokładnym myciem powierzchni / materiałów. Duże powierzchnie (np. podłogi, kafelki, powierzchnie robocze): działanie bakteriobójcze, grzybobójcze, wirusobójcze - po 15 minutach. Dodać 180 ml płynu (1 nakrętka = 15 ml) do 5 l wody. Ściereczki i gąbki do mycia naczyń: dodać 90 ml płynu do 2,5 l wody. Spłukać wodą przeznaczoną do spożycia. Rozcieńczony - wybielanie: do wybielania białych tkanin użyć 20 ml płynu na 5 litrów wody, moczyć przez noc, wypłukać.Szpitale i inne zakłady opieki zdrowotnej (powierzchnie czyste, wolne od zanieczyszczeń organicznych): działanie bakteriobójcze, grzybobójcze, wirusobójcze. Powierzchnie dokładnie umyć przed przystąpieniem do dezynfekcji. Aby zdezynfekować należy rozcieńczyć preparat w proporcji 1:3 (1 część Domestos : 2 części wody). Spłukać po 15 min.Zalecenia: Stosuj zgodnie z zaleceniami. Nie używać na emalii i powierzchniach metalizowanych (chromowanych, pozłacanych, itp.). Nie używać do jedwabiu, wełny, tkanin kolorowych, sztucznych i innych delikatnych materiałów, skóry lub na naczyniach o specjalnej powierzchni (np. ogniotrwałej). Zawsze odnosić się do instrukcji producenta. W przypadku wylania się płynu, natychmiast dokładnie zmyć powierzchnię czystą wodą. Po użyciu umyć ręce. Przechowywać w oryginalnym opakowaniu w chłodnym miejscu w pozycji pionowej, z dala od żywności. Odpowiedni do stosowania w gospodarstwach domowych posiadających szambo. Odpady i odpady pojedynczych opakowań traktować jak odpady z gospodarstwa domowego. Pomieszczenie wietrzyć do zaniku charakterystycznego zapachu. Nie wdychać par."}, {"header": "Pozostałe informacje", "content": "Dystrybutor:Unilever Polska Sp. z o.o.Al. Jerozolimskie 134 02-305 Warszawa PolskaNazwa wymagana prawnie:Zagęszczony płyn czyszcząco-dezynfekujący"}], "images": ["data/images/7bbd39861b64ffffb4eef03931b0373d.jpg"], "absolute_path": "Dla domu/Sprzątanie/Do rur i wc/Produkt 8"}
{"name": "Produkt 12", "url": "https://zakupy.biedronka.pl/bref-bref-wc-brilliant-gel-all-in-1-zawieszka-myjaco-zapachowa-do-muszli-wc-wiosenny-deszcz-2-x-42-g-0000013508.html", "title": "Bref WC Brilliant Gel All in 1 Zawieszka myjąco-zapachowa do muszli WC wiosenny deszcz 2 x 42 g", "brand": "Bref", "price": "14.99 PLN", "packaging_details": "0.084kg- 178,45 zł / kg", "description_sections": [{"header": "Opis produktu", "content": "Bref Brilliant Gel z formułą All in 1, dzięki 4 funkcjom nie tylko czyści toaletę przy każdym spłukaniu, lecz także zapewnia świeżość i olśniewający połysk. Bref Brilliant Gel- nasze olśniewające rozwiązanie dla Twojej toalety.4 Funkcyjna Formuła:1. Mocna pianaCzyści toaletę przy każdym spłukaniu2. Zwalczanie bruduChroni przed osadzaniem się brudu3. Świeżość perfumZapewnia świeżość i długotrwały zapach4. Jasny połyskPozostawia toaletę pełną blaskuSubrand:Brilliant Gel All in 1"}, {"header": "Składniki i alergeny", "content": "Składniki:>30 % niejonowe środki powierzchniowo czynne,kompozycja zapachowa"}, {"header": "Przechowywanie i sposób przygotowania", "content": "Sposób podania:Sposób użycia: Zerwij aluminiową folię z koszyczka i zawieś go pod obrzeżem muszli toaletowej w miejscu optymalnego przepływu wody.Zachowaj opakowanie aż do zużycia ostatniej zawieszki.Natychmiast zetrzeć zachlapania zabarwioną wodą z deski sedesowej lub innych powierzchni."}, {"header": "Pozostałe informacje", "content": "Dystrybutor:Henkel Polska Sp. z o.o.ul. Domaniewska 41 02-672 Warszawahenkel.polska@henkel.comNazwa wymagana prawnie:Bref WC Brilliant Gel All in 1 Zawieszka myjąco-zapachowa do muszli WC wiosenny deszcz 2 x 42 g"}], "images": ["data/images/5ff6a7b6b4d79b4a465ea873e8ee9418.jpg"], "absolute_path": "Dla domu/Sprzątanie/Do rur i wc/Produkt 12"}
{"name": "Produkt 10", "url": "https://zakupy.biedronka.pl/bref-bref-color-aktiv-zawieszka-do-wc-eukaliptus-2x50-g-0000004508.html", "title": "Bref Color Aktiv Zawieszka do WC eukaliptus 2x50 g", "brand": "Bref", "price": "17.99 PLN", "packaging_details": "0.1kg- 179,90 zł / kg", "description_sections": [{"header": "Opis produktu", "content": "Czterofunkcyjna zawieszka do toalety o zapachu cytryny, która zapewnia: higieniczną czystość,ochronę przed brudem, przyjemną świeżość oraz czyszczącą pianę."}, {"header": "Składniki i alergeny", "content": "Składniki:>30% anionowe środki powierzchniowo czynne, 5-15% niejonowe środki powierzchniowo czynne, kompozycja zapachowa (Limone)."}, {"header": "Pozostałe informacje", "content": "Kraj pochodzenia:SerbiaKraj pochodzenia zależy od konkretnej partii produktu jaka znajduje się w sklepie. Informację o kraju pochodzenia znajdziesz na opakowaniu. Możesz również dodać komentarz z preferowanym typem produktu w koszyku lub wiadomości dla shoppera (np. “prosze o pomidory polskie”).Dystrybutor:Henkel Polskaul. Domaniewska 41 02-672 Warszawadominik.klepczynski@henkel.comNazwa wymagana prawnie:Zawieszka do muszli WC Bref Blue Aktiv"}], "images": ["data/images/6d6b0dfc90ca7c30c98096e6b6aa6f23.jpg", "data/images/de0cafb524b28b48a8bb8f8ea481b279.jpg"], "absolute_path": "Dla domu/Sprzątanie/Do rur i wc/Produkt 10"}
{"name": "Produkt 9", "url": "https://zakupy.biedronka.pl/bref-bref-wc-power-aktiv-zawieszka-myjaco-zapachowa-do-muszli-wc-sosna-2-x-50-g-0000004949.html", "title": "Bref WC Power Aktiv Zawieszka myjąco-zapachowa do muszli WC sosna 2 x 50 g", "brand": "Bref", "price": "13.99 PLN", "packaging_details": "0.1kg- 139,90 zł / kg", "description_sections": [{"header": "Opis produktu", "content": "Bref Power Aktiv czyści toaletę z każdym spłukaniem. Przez 24\\7 zapewnia świeżość i ochronę przed brudem utrzymującą się nawet pomiędzy spłukaniami.4-funkcyjna formuła: 1. Aktywna piana czyszcząca toaletę podczas każdego spłukania. 2. Efekt odkamieniania zapobiegający tworzeniu się osadu z kamienia. 3. Skuteczna ochrona przed brudem i zapobieganie przywieraniu nowych zabrudzeń. 4. Wyjątkowa świeżość, która pozostaje w toalecie na dłużej.Subrand:Power Aktiv"}, {"header": "Składniki i alergeny", "content": "Składniki:>30 % anionowe środki powierzchniowo czynne,5-15 % niejonowe środki powierzchniowo czynne,kompozycja zapachowa (Coumarin, Alpha-Isomethyl Ionone)"}, {"header": "Przechowywanie i sposób przygotowania", "content": "Sposób podania:Zachowaj opakowanie aż do zużycia ostatniej zawieszki. Natychmiast zetrzeć zachlapania zabarwioną wodą z deski sedesowej lub innych powierzchni."}, {"header": "Pozostałe informacje", "content": "Nazwa wymagana prawnie:Bref WC Power Aktiv Zawieszka myjąco-zapachowa do muszli WC sosna 2 x 50 g"}], "images": ["data/images/91586fdb0f50a673a5179f8ae6fbceac.jpg", "data/images/dda2e2b4e8a883a0024d16a0d6c0ee49.jpg"], "absolute_path": "Dla domu/Sprzątanie/Do rur i wc/Produkt 9"}
{"name": "Produkt 11", "url": "https://zakupy.biedronka.pl/bref-bref-wc-power-aktiv-zawieszka-myjaco-zapachowa-do-muszli-wc-cytryna-2-x-50-g-0000004950.html", "title": "Bref WC Power Aktiv Zawieszka myjąco-zapachowa do muszli WC cytryna 2 x 50 g", "brand": "Bref", "price": "13.99 PLN", "packaging_details": "0.1kg- 139,90 zł / kg", "description_sections": [{"header": "Opis produktu", "content": "Bref Power Aktiv czyści toaletę z każdym spłukaniem. Przez 24\\7 zapewnia świeżość i ochronę przed brudem utrzymującą się nawet pomiędzy spłukaniami.4-funkcyjna formuła: 1. Aktywna piana czyszcząca toaletę podczas każdego spłukania. 2. Efekt odkamieniania zapobiegający tworzeniu się osadu z kamienia. 3. Skuteczna ochrona przed brudem i zapobieganie przywieraniu nowych zabrudzeń. 4. Wyjątkowa świeżość, która pozostaje w toalecie na dłużej.Subrand:Power Aktiv"}, {"header": "Składniki i alergeny", "content": "Składniki:>30 % anionowe środki powierzchniowo czynne,5-15 % niejonowe środki powierzchniowo czynne,kompozycja zapachowa (Limonene, Citral)"}, {"header": "Przechowywanie i sposób przygotowania", "content": "Sposób podania:Zachowaj opakowanie aż do zużycia ostatniej zawieszki. Natychmiast zetrzeć zachlapania zabarwioną wodą z deski sedesowej lub innych powierzchni."}, {"header": "Pozostałe informacje", "content": "Nazwa wymagana prawnie:Bref WC Power Aktiv Zawieszka myjąco-zapachowa do muszli WC cytryna 2 x 50 g"}], "images": ["data/images/8359cec59f425eaeed405d94d7e946d5.jpg", "data/images/ed49941c483f7a7f57a8eca008864a60.jpg"], "absolute_path": "Dla domu/Sprzątanie/Do rur i wc/Produkt 11"}
{"name": "Produkt 14", "url": "https://zakupy.biedronka.pl/duck-duck-fresh-discs-first-kiss-flowers-zelowy-krazek-do-toalety-podwojny-zapas-2-x-36-ml-72-ml-0000013083.html", "title": "Duck Fresh Discs First Kiss Flowers Żelowy krążek do toalety podwójny zapas (2 x 36 ml) 72 ml", "brand": "Duck", "price": "16.99 PLN", "packaging_details": "0.148l- 235,97 zł / l", "description_sections": [{"header": "Opis produktu", "content": "Duck Fresh Discs trzyma z dala zabrudzenia i nieprzyjemne zapachy od twojej toalety oraz odświeża ją przy każdym spłukaniu, nadając twojej toalecie wyjątkowego lawendowego zapachu. Nasza unikalna formuła przy każdym spłukaniu aktywuje osłonę ochronną, która pomaga zapobiegać osadzaniu się kamienia. Jest łatwy w użyciu! Użyj plastikowego uchwytu i zaaplikuj żelowy krążek na muszli klozetowej. Jeden świeży krążek pomaga utrzymać muszlę klozetową w czystości i połysku nawet przez 6 tygodni.Zawiera: podwójny zapas krążków zapachowych (2x 36 ml).Limitowana edycja, inspirowana zapachem lata, która łączy w sobie świeżość tropikalnych kwiatów, przesiąkniętych słońcem egzotycznych owoców, dzięki czemu możesz ponownie przeżyć radosne letnie wspomnienia w swojej łazience, niezależnie od pogody na zewnątrz.Krążki Duck Fresh Discs nadają się do szamb i jednocześnie zapobiegają gromadzeniu się kamienia. Blister Duck Fresh Discs jest wykonany w 50% z plastiku zebranego na lądzie** - tak, aby zapobiec przedostaniu się do oceanu.Fresh Discs działają jeszcze lepiej, gdy są używane razem z płynem do czyszczenia toalet Duck Deep Action Gel. Najpierw użyj żelu do czyszczenia toalet Deep Action Gel, aby skutecznie wyczyścić całą muszlę. Gdy to zrobisz, zaaplikuj Duck Fresh Discs tak, aby utrzymać czystość i świeżość na jeszcze dłużej. To idealne połączenie, które pomaga utrzymać wygląd i zapach Twojej toalety dokładnie tak, jak tego chcesz.Fresh Discs są łatwe w użyciu: wystarczy umieścić uchwyt na muszli klozetowej, a następnie nacisnąć dozownik, aby przymocować krążek.Krążki Duck Fresh docierają tam, gdzie inni nie mogą. Likwidują zarazki i zapewniają nieprzerwany zapach 24\\7.** Przy regularnym korzystaniu z toalety** Plastik z recyklingu poużytkowego zebrany we współpracy z Plastic Bank"}, {"header": "Składniki i alergeny", "content": "Składniki:Zawiera<ż 5% Anionowe środki powierzchniowo czynne, 15-30% niejonowe środki powierzchniowo czynne, kompozycje zapachowa, HEXYL CINNAMAL, Limonene, CITRONELLOL, ALPHA-ISOMETHYL IONONE, GERANIOL, CITRAL."}, {"header": "Pozostałe informacje", "content": "Kraj pochodzenia:Holandia, Unia EuropejskaKraj pochodzenia zależy od konkretnej partii produktu jaka znajduje się w sklepie. Informację o kraju pochodzenia znajdziesz na opakowaniu. Możesz również dodać komentarz z preferowanym typem produktu w koszyku lub wiadomości dla shoppera (np. “prosze o pomidory polskie”).Producent:SC Johnson Sp. z o.o.,\nul. Taśmowa 7,\n02-677 Warszawa,\ntel.: +48 22 445 88 00\nInfolinia 0801 11 12 11 (koszt połącz. wg taryfy operatora)Importer:S.C. JohnsonTaśmowa 7 02-677 Warszawa PLbiuro@scj.comNazwa wymagana prawnie:Duck® Fresh Discs® First Kiss Flowers - żelowy krążek do toalet, podwójny zapas 2x36ml"}], "images": ["data/images/f1c1f279af39705a02100e0a669813b1.jpg"], "absolute_path": "Dla domu/Sprzątanie/Do rur i wc/Produkt 14"}
{"name": "Produkt 13", "url": "https://zakupy.biedronka.pl/duck-duck-deep-action-citrus-zel-do-czyszczenia-i-dezynfekcji-toalet-750-ml-0000012769.html", "title": "Duck Deep Action Citrus Żel do czyszczenia i dezynfekcji toalet 750 ml", "brand": "Duck", "price": "4.45 PLN", "packaging_details": "0.75l- 5,93 zł / l", "description_sections": [{"header": "Opis produktu", "content": "Subrand:Deep Action"}, {"header": "Składniki i alergeny", "content": "Składniki:<5 % niejonowe środki powierzchniowo czynne,substancja dezynfekująca,kompozycja zapachowa"}, {"header": "Pozostałe informacje", "content": "Producent:SC Johnson Sp. z o.o.,\nul. Taśmowa 7,\n02-677 Warszawa,\ntel.: +48 22 445 88 00\nInfolinia 0801 11 12 11 (koszt połącz. wg taryfy operatora)Dystrybutor:SC Johnson Sp. z o.o.ul. Taśmowa 7 02-677  WarszawaNazwa wymagana prawnie:Duck Deep Action Citrus Żel do czyszczenia i dezynfekcji toalet 750 ml"}], "images": ["data/images/ba1ef9dde3b55f025f3397cb7250a649.jpg"], "absolute_path": "Dla domu/Sprzątanie/Do rur i wc/Produkt 13"}
{"name": "Produkt 16", "url": "https://zakupy.biedronka.pl/bref-bref-wc-brilliant-gel-all-in-1-zawieszka-myjaco-zapachowa-do-muszli-wc-ocean-arktyczny-2-x-42-g-0000013509.html", "title": "Bref WC Brilliant Gel All in 1 Zawieszka myjąco-zapachowa do muszli WC ocean arktyczny 2 x 42 g", "brand": "Bref", "price": "14.99 PLN", "packaging_details": "0.084kg- 178,45 zł / kg", "description_sections": [{"header": "Opis produktu", "content": "Bref Brilliant Gel z formułą All in 1, dzięki 4 funkcjom nie tylko czyści toaletę przy każdym spłukaniu, lecz także zapewnia świeżość i olśniewający połysk. Bref Brilliant Gel- nasze olśniewające rozwiązanie dla Twojej toalety.4 Funkcyjna Formuła:1. Mocna pianaCzyści toaletę przy każdym spłukaniu2. Zwalczanie bruduChroni przed osadzaniem się brudu3. Świeżość perfumZapewnia świeżość i długotrwały zapach4. Jasny połyskPozostawia toaletę pełną blaskuSubrand:Brilliant Gel All in 1"}, {"header": "Składniki i alergeny", "content": "Składniki:>30 % niejonowe środki powierzchniowo czynne,kompozycja zapachowa (Linalool, Citronellol, Geraniol, Alpha-Isomethyl Ionone)"}, {"header": "Przechowywanie i sposób przygotowania", "content": "Sposób podania:Zachowaj opakowanie aż do zużycia ostatniej zawieszki. Natychmiast zetrzeć zachlapania zabarwioną wodą z deski sedesowej lub innych powierzchni."}, {"header": "Pozostałe informacje", "content": "Dystrybutor:Henkel Polska Sp. z o.o.ul. Domaniewska 41 02-672 Warszawa tel. 22 56 56 000henkel.polska@henkel.comNazwa wymagana prawnie:Bref WC Brilliant Gel All in 1 Zawieszka myjąco-zapachowa do muszli WC ocean arktyczny 2 x 42 g"}], "images": ["data/images/1bea33ca19a5f0698957774fb6d40273.jpg"], "absolute_path": "Dla domu/Sprzątanie/Do rur i wc/Produkt 16"}
{"name": "Produkt 17", "url": "https://zakupy.biedronka.pl/duck-duck-fresh-discs-podwojny-zapas-do-toalety-o-zapachu-limonkowym-2-x-36-ml-72-ml-0000013080.html", "title": "Duck Fresh Discs Podwójny zapas do toalety o zapachu limonkowym (2 x 36 ml) 72 ml", "brand": "Duck", "price": "16.99 PLN", "packaging_details": "0.072l- 235,97 zł / l", "description_sections": [{"header": "Opis produktu", "content": "Subrand:Fresh Discs"}, {"header": "Składniki i alergeny", "content": "Składniki:<5 % Anionowe środki powierzchniowo czynne,15-30 % niejonowe środki powierzchniowo czynne,kompozycja zapachowa,citral,geraniol"}, {"header": "Przechowywanie i sposób przygotowania", "content": "Sposób podania:Po aplikacji żelowy krążek może być atrakcyjny dla małych dzieci. Używaj produktu w miejscu najmniej widocznym dla dzieci. Sposób użycia wewnątrz opakowania."}, {"header": "Pozostałe informacje", "content": "Kraj pochodzenia:Produkt UEKraj pochodzenia zależy od konkretnej partii produktu jaka znajduje się w sklepie. Informację o kraju pochodzenia znajdziesz na opakowaniu. Możesz również dodać komentarz z preferowanym typem produktu w koszyku lub wiadomości dla shoppera (np. “prosze o pomidory polskie”).Producent:SC Johnson Sp. z o.o.,\nul. Taśmowa 7,\n02-677 Warszawa,\ntel.: +48 22 445 88 00\nInfolinia 0801 11 12 11 (koszt połącz. wg taryfy operatora)Dystrybutor:SC Johnson Sp. z o.o.ul. Taśmowa 7 02-677  WarszawaNazwa wymagana prawnie:Duck Fresh Discs Podwójny zapas do toalety o zapachu limonkowym 72 ml (2 x 36 ml)"}], "images": ["data/images/568965e307bac651e812415ded0bca6f.jpg"], "absolute_path": "Dla domu/Sprzątanie/Do rur i wc/Produkt 17"}
{"name": "Produkt 15", "url": "https://zakupy.biedronka.pl/duck-duck-fresh-discs-eucalyptus-podwojny-zapas-do-toalety-o-zapachu-eukaliptusowym-2-x-36-ml-72-ml-0000013084.html", "title": "Duck Fresh Discs Eucalyptus Podwójny zapas do toalety o zapachu eukaliptusowym (2 x 36 ml) 72 ml", "brand": "Duck", "price": "16.99 PLN", "packaging_details": "0.148l- 235,97 zł / l", "description_sections": [{"header": "Opis produktu", "content": "Subrand:Fresh Discs"}, {"header": "Składniki i alergeny", "content": "Składniki:<5 % związki wybielające na bazie tlenu,15-30 % niejonowe środki powierzchniowo czynne,kompozycja zapachowa,coumarin,geraniol,citral,alpha-isomethyl ionone,linalool"}, {"header": "Przechowywanie i sposób przygotowania", "content": "Sposób podania:Po aplikacji żelowy krążek może być atrakcyjny dla małych dzieci. Używaj produktu w miejscu najmniej widocznym dla dzieci. Sposób użycia wewnątrz opakowania."}, {"header": "Pozostałe informacje", "content": "Kraj pochodzenia:Produkt UEKraj pochodzenia zależy od konkretnej partii produktu jaka znajduje się w sklepie. Informację o kraju pochodzenia znajdziesz na opakowaniu. Możesz również dodać komentarz z preferowanym typem produktu w koszyku lub wiadomości dla shoppera (np. “prosze o pomidory polskie”).Producent:SC Johnson Sp. z o.o., \nul. Taśmowa 7, \n02-677 Warszawa, \ntel.: +48 22 445 88 00\nInfolinia 0801 11 12 11 (koszt połącz. wg taryfy operatora)Dystrybutor:SC Johnson Sp. z o.o.02-677 WarszawaNazwa wymagana prawnie:Duck Fresh Discs Eucalyptus Podwójny zapas do toalety o zapachu eukaliptusowym 72 ml (2 x 36 ml)"}], "images": ["data/images/fa6e46ce917094a75f784789422b72ee.jpg", "data/images/0a8f0e7855044b5cb325a1a08f172890.jpg"], "absolute_path": "Dla domu/Sprzątanie/Do rur i wc/Produkt 15"}
{"name": "Produkt 21", "url": "https://zakupy.biedronka.pl/bref-bref-wc-brilliant-gel-all-in-1-zawieszka-myjaco-zapachowa-do-muszli-wc-gorskie-jezioro-2-x-42-g-0000013511.html", "title": "Bref WC Brilliant Gel All in 1 Zawieszka myjąco-zapachowa do muszli WC górskie jezioro 2 x 42 g", "brand": "Bref", "price": "14.99 PLN", "packaging_details": "0.084kg- 178,45 zł / kg", "description_sections": [{"header": "Opis produktu", "content": "Bref Brilliant Gel z formułą All in 1, dzięki 4 funkcjom nie tylko czyści toaletę przy każdym spłukaniu, lecz także zapewnia świeżość i olśniewający połysk. Bref Brilliant Gel- nasze olśniewające rozwiązanie dla Twojej toalety.4 Funkcyjna Formuła:1. Mocna pianaCzyści toaletę przy każdym spłukaniu2. Zwalczanie bruduChroni przed osadzaniem się brudu3. Świeżość perfumZapewnia świeżość i długotrwały zapach4. Jasny połyskPozostawia toaletę pełną blaskuSubrand:Brilliant Gel All in 1"}, {"header": "Składniki i alergeny", "content": "Składniki:>30 % niejonowe środki powierzchniowo czynne,kompozycja zapachowa (Citronellol, Coumarin, Alpha-Isomethyl Ionone)"}, {"header": "Przechowywanie i sposób przygotowania", "content": "Sposób podania:Sposób użycia: Zerwij aluminiową folię z koszyczka i zawieś go pod obrzeżem muszli toaletowej w miejscu optymalnego przepływu wody.Zachowaj opakowanie aż do zużycia ostatniej zawieszki.Natychmiast zetrzeć zachlapania zabarwioną wodą z deski sedesowej lub innych powierzchni."}, {"header": "Pozostałe informacje", "content": "Dystrybutor:Henkel Polska Sp. z o.o.ul. Domaniewska 41 02-672 Warszawahenkel.polska@henkel.comNazwa wymagana prawnie:Bref WC Brilliant Gel All in 1 Zawieszka myjąco-zapachowa do muszli WC górskie jezioro 2 x 42 g"}], "images": ["data/images/8696ff2306f2c3f9897aa12d5972c7c7.jpg"], "absolute_path": "Dla domu/Sprzątanie/Do rur i wc/Produkt 21"}
{"name": "Produkt 22", "url": "https://zakupy.biedronka.pl/duck-duck-fresh-discs-podwojny-zapas-do-toalety-o-zapachu-lawendowym-2-x-36-ml-72-ml-0000013079.html", "title": "Duck Fresh Discs Podwójny zapas do toalety o zapachu lawendowym (2 x 36 ml) 72 ml", "brand": "Duck", "price": "16.99 PLN", "packaging_details": "0.072l- 235,97 zł / l", "description_sections": [{"header": "Opis produktu", "content": "Subrand:Fresh Discs"}, {"header": "Składniki i alergeny", "content": "Składniki:<5 % anionowe środki powierzchniowo czynne,15-30 % niejonowe środki powierzchniowo czynne,kompozycja zapachowa,linalool"}, {"header": "Przechowywanie i sposób przygotowania", "content": "Sposób podania:Po aplikacji żelowy krążek może być atrakcyjny dla małych dzieci. Używaj produktu w miejscu najmniej widocznym dla dzieci. Sposób użycia wewnątrz opakowania."}, {"header": "Pozostałe informacje", "content": "Kraj pochodzenia:Produkt UEKraj pochodzenia zależy od konkretnej partii produktu jaka znajduje się w sklepie. Informację o kraju pochodzenia znajdziesz na opakowaniu. Możesz również dodać komentarz z preferowanym typem produktu w koszyku lub wiadomości dla shoppera (np. “prosze o pomidory polskie”).Producent:SC Johnson Sp. z o.o.,\nul. Taśmowa 7,\n02-677 Warszawa,\ntel.: +48 22 445 88 00\nInfolinia 0801 11 12 11 (koszt połącz. wg taryfy operatora)Dystrybutor:SC Johnson Sp. z o.o.ul. Taśmowa 7 02-677  WarszawaNazwa wymagana prawnie:Duck Fresh Discs Podwójny zapas do toalety o zapachu lawendowym 72 ml (2 x 36 ml)"}], "images": ["data/images/ea1b3bbbb85e5982b4c831e3e0a26938.jpg"], "absolute_path": "Dla domu/Sprzątanie/Do rur i wc/Produkt 22"}
{"name": "Produkt 20", "url": "https://zakupy.biedronka.pl/domestos-domestos-zero-kamienia-blue-zel-do-toalet-750-ml-0000005260.html", "title": "Domestos Zero Kamienia Blue Żel do toalet 750 ml", "brand": "Domestos", "price": "15.29 PLN", "packaging_details": "0.75l- 20,39 zł / l", "description_sections": [{"header": "Opis produktu", "content": "Jeśli w walce z osadem w toalecie czujesz, że Twoje wysiłki idą na marne, sięgnij po żel do toalet Domestos Zero Kamienia Blue. Nasz bezkonkurencyjny niszczyciel kamienia jest do 3x gęstszy w porównaniu do innych produktów tego typu. Dzięki specjalnej, gęstej formule dokładnie przylega do ścianek muszli również poniżej i powyżej linii wody, docierając nawet do najtrudniej dostępnych zakamarków. Detergent z łatwością usuwa najmocniej osadzony kamień i zapobiega powstawaniu nowego, jednak jego rola nie kończy się na pozbyciu się niechcianego brudu i nieestetycznych osadów z trudno dostępnych miejsc. Płyn do WC Domestos Zero Kamienia Blue chroni również przed zarazkami rozpylanymi podczas spłukiwania wody, niszcząc 99,9% bakterii, grzybów i spór, które – niewidoczne dla oka – mogą kryć się w toalecie. Wypróbuj nasz płyn do dezynfekcji o odświeżającym zapachu i ciesz się lśniącą czystością toaletą wolną od zarazków. Wystarczy równomiernie rozprowadzić ok. 70 ml produktu po wewnętrznej powierzchni muszli, odczekać 30 minut i spłukać, a następnie przetrzeć szczotką, aby cieszyć się idealnie czystą toaletą przez długi czas. Odkamieniacz przeznaczony tylko do toalet. Unikać kontaktu z innymi powierzchniami. Wypowiadamy wojnę złym warunkom sanitarnym lokalnie i na świecie, pomagając ludziom mającym utrudniony dostęp do toalet oraz szkołom w utrzymaniu toalet w czystości, by dzieci uczyły się w lepszych warunkach i miały zapewniony lepszy start życiowy. Odwiedź naszą stronę internetową, by dowiedzieć się więcej o naszej współpracy z organizacją charytatywną UNICEF, mającej na celu zapewnienie ludziom dostępu do czystych, bezpiecznych toalet na całym świecie. * potwierdzone wynikami badań na obecność bakterii, drożdżaków, grzybów i spór."}, {"header": "Składniki i alergeny", "content": "Składniki:substancja czynna: kwas chlorowodorowy 8 g /100 g. < 5 % niejonowe środki powierzchniowo czynne, kationowe środki powierzchniowo czynne, kompozycja zapachowa."}, {"header": "Pozostałe informacje", "content": "Kraj pochodzenia:WęgryKraj pochodzenia zależy od konkretnej partii produktu jaka znajduje się w sklepie. Informację o kraju pochodzenia znajdziesz na opakowaniu. Możesz również dodać komentarz z preferowanym typem produktu w koszyku lub wiadomości dla shoppera (np. “prosze o pomidory polskie”).Producent:Unilever Polska Sp. z o.o.,\nAl. Jerozolimskie 134,\n02-305 Warszawa\n801 610 610Dystrybutor:Unilever Polska Sp. z o.o.Al. Jerozolimskie 134 02-305 Warszawainfolinia.pl@unilever.comNazwa wymagana prawnie:Domestos Zero Kamienia Blue - Żel do toalet."}], "images": ["data/images/d2e4cde3a282218d6e4b6c0859cad8fb.jpg", "data/images/c3833a93511c289ff8e4115868e11ae9.jpg", "data/images/0315a2b395ef908f3bbad690fcabb8ac.jpg"], "absolute_path": "Dla domu/Sprzątanie/Do rur i wc/Produkt 20"}
{"name": "Produkt 19", "url": "https://zakupy.biedronka.pl/bref-bref-zawieszka-myjaco-zapachowa-do-muszli-wc-spa-moments-serenity-2-x-50-g-0000014406.html", "title": "Bref Zawieszka myjąco-zapachowa do muszli WC Spa Moments Serenity 2 x 50 g", "brand": "Bref", "price": "14.99 PLN", "packaging_details": "0.1kg- 149,90 zł / kg", "description_sections": [{"header": "Opis produktu", "content": "Bref Spa Moments, dzięki wyjątkowej kompozycji zawierającej olejki eteryczne zamieni Twoją toaletę w domowe spa. Z każdym spłukaniem uwalnia się przyjemny zapach, pozostawiając długotrwały efekt świeżości oraz przytulną atmosferę. Czysta i świeża toaleta z Bref!4-funkcyjna formuła1. Dodatkowa świeżośćZapewnia na długo zapach świeżości w łazience2. Aktywna pianaCzyści toaletę podczas każdego spłukania3. Efekt odkamienianiaZapobiega osadzaniu się osadu z kamienia4. Ochrona przed brudemZapobiega przywieraniu nowych zabrudzeńCertyfikowane jako bezpieczne dla dzieci DIN EN 862 (2016)"}, {"header": "Składniki i alergeny", "content": "Składniki:> 30 % anionowe środki powierzchniowo czynne 5-15 % niejonowe środki powierzchniowo czynne kompozycja zapachowa (Citronellol, Geraniol, Limonene)"}, {"header": "Pozostałe informacje", "content": "Kraj pochodzenia:SerbiaKraj pochodzenia zależy od konkretnej partii produktu jaka znajduje się w sklepie. Informację o kraju pochodzenia znajdziesz na opakowaniu. Możesz również dodać komentarz z preferowanym typem produktu w koszyku lub wiadomości dla shoppera (np. “prosze o pomidory polskie”).Dystrybutor:Henkel Polskaul. Domaniewska 41 02-672 Warszawadominik.klepczynski@henkel.comNazwa wymagana prawnie:Zawieszka myjąco-zapachowa do muszli WC"}], "images": ["data/images/1e4f66ddea81703691ebc3254a7471ca.jpg"], "absolute_path": "Dla domu/Sprzątanie/Do rur i wc/Produkt 19"}
{"name": "Produkt 18", "url": "https://zakupy.biedronka.pl/bref-bref-wc-power-aktiv-zawieszka-myjaco-zapachowa-do-muszli-wc-sosna-lawenda-4-x-50-g-0000008415.html", "title": "Bref WC Power Aktiv Zawieszka myjąco-zapachowa do muszli WC sosna lawenda 4 x 50 g", "brand": "Bref", "price": "23.99 PLN", "packaging_details": "0.2kg- 119,95 zł / kg", "description_sections": [{"header": "Opis produktu", "content": "Bref Power Aktiv czyści toaletę z każdym spłukaniem. Przez 24\\7 zapewnia świeżość i ochronę przed brudem utrzymującą się nawet pomiędzy spłukaniami.4-funkcyjna formuła: 1. Aktywna piana czyszcząca toaletę podczas każdego spłukania. 2. Efekt odkamieniania zapobiegający tworzeniu się osadu z kamienia. 3. Skuteczna ochrona przed brudem i zapobieganie przywieraniu nowych zabrudzeń. 4. Wyjątkowa świeżość, która pozostaje w toalecie na dłużej.Subrand:Power Aktiv"}, {"header": "Składniki i alergeny", "content": "Składniki:>30 % anionowe środki powierzchniowo czynne,5-15 % niejonowe środki powierzchniowo czynne,kompozycja zapachowa (Pine: Coumarin, Alpha-somethyl Ionone / Lavender: Coumarin, Linalool, Limonene?"}, {"header": "Przechowywanie i sposób przygotowania", "content": "Sposób podania:Zawieś Power Aktiv pod obrzeżem muszli WC.Zachowaj opakowanie aż do zużycia ostatniej zawieszki. Natychmiast zetrzeć zachlapania zabarwioną wodą z deski sedesowej lub innych powierzchni."}, {"header": "Pozostałe informacje", "content": "Producent:Henkel Srbija d.o.o.,\nBulevar oslobođenja 383,\n11000 Beograd,\nSerbia\nwww.henkel.rs,\ne-mail: info@rs.henkel.com,\nTelefon: 011\\2072 200Dystrybutor:Henkel Polska Sp. z o.o.ul. Domaniewska 41 02-672 Warszawa tel. 22 56 56 000henkel.polska@henkel.comNazwa wymagana prawnie:Bref WC Power Aktiv Zawieszka myjąco-zapachowa do muszli WC sosna lawenda 4 x 50 g"}], "images": ["data/images/13f05b8c5ca620bf3c260122804c341c.jpg", "data/images/f7249a323e838aa76c3c398e7dca2472.jpg"], "absolute_path": "Dla domu/Sprzątanie/Do rur i wc/Produkt 18"}
{"name": "Produkt 24", "url": "https://zakupy.biedronka.pl/duck-duck-fresh-discs-podwojny-zapas-do-toalety-o-zapachu-morskim-2-x-36-ml-72-ml-0000013081.html", "title": "Duck Fresh Discs Podwójny zapas do toalety o zapachu morskim (2 x 36 ml) 72 ml", "brand": "Duck", "price": "16.99 PLN", "packaging_details": "0.148l- 235,97 zł / l", "description_sections": [{"header": "Opis produktu", "content": "Subrand:Fresh Discs"}, {"header": "Składniki i alergeny", "content": "Składniki:<5 % anionowe środki powierzchniowo czynne,15-30 % niejonowe środki powierzchniowo czynne,kompozycja zapachowa,linalool,coumarin,eugenol,limonene,citral"}, {"header": "Pozostałe informacje", "content": "Producent:SC Johnson Sp. z o.o.,\nul. Taśmowa 7,\n02-677 Warszawa,\ntel.: +48 22 445 88 00\nInfolinia 0801 11 12 11 (koszt połącz. wg taryfy operatora)Dystrybutor:SC Johnson Sp. z o.o.ul. Taśmowa 7 02-677  WarszawaNazwa wymagana prawnie:Duck Fresh Discs Podwójny zapas do toalety o zapachu morskim 72 ml (2 x 36 ml)"}], "images": ["data/images/c1b9528679753855da0824dfd8b48e81.jpg"], "absolute_path": "Dla domu/Sprzątanie/Do rur i wc/Produkt 24"}
{"name": "Produkt 26", "url": "https://zakupy.biedronka.pl/kret-kret-zel-do-wc-classic-fresh-750-g-0000018706.html", "title": "Kret Żel do WC Classic Fresh 750 g", "brand": "Kret", "price": "3.49 PLN", "packaging_details": "0.75kg- 4,65 zł / kg", "description_sections": [{"header": "Opis produktu", "content": "Kret Żel do WC BIEL HIGIENA Classic Fresh - żel o działaniu bakteriobójczym, grzybobójczym oraz bójczym wobec wirusów osłonkowych - nr pozwolenia na obrót produktem biobójczym: 9375\\23. Nowa receptura oparta na aktywnym chlorze i chloraminie zapewnia toalecie nieskazitelną czystość i zapobiega osadzaniu się kamienia.Bezwzględny dla brudu.Zabija 99,9% bakterii, wirusów i grzybów.Zapobiega osadzaniu się kamienia.Gwarantuje powierzchniom perfekcyjną czystość dzięki kompleksowemu działaniu 12xACTION: jest bezwzględny dla brudu, dezynfekuje, zapobiega osadzaniu się kamienia, wybiela dzięki sile chloru, usuwa przebarwienia z rdzy, nadaje połysk, aktywnie czyści, niweluje nieprzyjemne zapachy, czyści pod obrzeżem muszli, działa nad i pod powierzchnią wody, opóźnia osadzanie się zabrudzeń, odświeża.Łatwy w aplikacji, a odpowiednio dobrana konsystencja zapewnia dobre przyleganie do czyszczonych powierzchni i długotrwały efekt działania.O świeżym zapachu cytryny i eukaliptusa.Przeznaczony do mycia i dezynfekcji: muszli klozetowych, bidetów, pisuarów, umywalek, zlewów, koszy na śmieci, wanien, kabin prysznicowych i brodzików, płytek ceramicznych, fug, szklanych zasłon prysznicowych oraz armatury ze stali nierdzewnej."}, {"header": "Składniki i alergeny", "content": "Składniki:< 5 % związki wybielające na bazie chloru, niejonowe środki powierzchniowo czynne, anionowe środki powierzchniowo czynne; substancje dezynfekujące (CHLORAMINE T, SODIUM HYPOCHLORITE), kompozycje zapachowe"}, {"header": "Pozostałe informacje", "content": "Kraj pochodzenia:PolskaKraj pochodzenia zależy od konkretnej partii produktu jaka znajduje się w sklepie. Informację o kraju pochodzenia znajdziesz na opakowaniu. Możesz również dodać komentarz z preferowanym typem produktu w koszyku lub wiadomości dla shoppera (np. “prosze o pomidory polskie”).Nazwa wymagana prawnie:Żel do WC Classic Fresh750g"}], "images": ["data/images/0d88160f5f79c91e81716cdcf324d916.jpg", "data/images/eeda06a840e6d25884e9fffa9454c8af.jpg"], "absolute_path": "Dla domu/Sprzątanie/Do rur i wc/Produkt 26"}
{"name": "Produkt 25", "url": "https://zakupy.biedronka.pl/duck-duck-deep-action-lavender-zel-do-czyszczenia-i-dezynfekcji-toalet-750-ml-0000012770.html", "title": "Duck Deep Action Lavender Żel do czyszczenia i dezynfekcji toalet 750 ml", "brand": "Duck", "price": "4.45 PLN", "packaging_details": "0.75l- 5,93 zł / l", "description_sections": [{"header": "Opis produktu", "content": "Wyjątkowy zapach, bez nieprzyjemnej woni.Unikalna szyjkaLepsze dotarcie* = lepsze czyszczenie*W oparciu o badania laboratoryjne dotyczące czyszczenia po obrzeżem muszli.Subrand:Deep Action"}, {"header": "Składniki i alergeny", "content": "Składniki:<5 % niejonowe środki powierzchniowo czynne,substancja dezynfekująca,kompozycja zapachowa"}, {"header": "Pozostałe informacje", "content": "Dystrybutor:Nazwa wymagana prawnie:Duck Deep Action Lavender Żel do czyszczenia i dezynfekcji toalet 750 ml"}], "images": ["data/images/f6fc147f0f0433819a87456fd469a9dc.jpg"], "absolute_path": "Dla domu/Sprzątanie/Do rur i wc/Produkt 25"}
{"name": "Produkt 27", "url": "https://zakupy.biedronka.pl/bref-bref-wc-power-aktiv-zawieszka-myjaco-zapachowa-do-muszli-wc-cytryna-ocean-4-x-50-g-0000008416.html", "title": "Bref WC Power Aktiv Zawieszka myjąco-zapachowa do muszli WC cytryna ocean 4 x 50 g", "brand": "Bref", "price": "23.99 PLN", "packaging_details": "0.2kg- 119,95 zł / kg", "description_sections": [{"header": "Opis produktu", "content": "Bref Power Aktiv czyści toaletę z każdym spłukaniem. Przez 24\\7 zapewnia świeżość i ochronę przed brudem utrzymującą się nawet pomiędzy spłukaniami.4-funkcyjna formuła: 1. Aktywna piana czyszcząca toaletę podczas każdego spłukania. 2. Efekt odkamieniania zapobiegający tworzeniu się osadu z kamienia. 3. Skuteczna ochrona przed brudem i zapobieganie przywieraniu nowych zabrudzeń. 4. Wyjątkowa świeżość, która pozostaje w toalecie na dłużej.Subrand:Power Aktiv"}, {"header": "Składniki i alergeny", "content": "Składniki:>30 % anionowe środki powierzchniowo czynne,;5-15 % niejonowe środki powierzchniowo czynne,kompozycja zapachowa (Lemon: Limonene, Citral / Ocean: Limonene, Citral, Coumarin)"}, {"header": "Przechowywanie i sposób przygotowania", "content": "Sposób podania:Zawieś Power Aktiv pod obrzeżem muszli WC.Zachowaj opakowanie aż do zużycia ostatniej zawieszki. Natychmiast zetrzeć zachlapania zabarwioną wodą z deski sedesowej lub innych powierzchni."}, {"header": "Pozostałe informacje", "content": "Producent:Henkel Srbija d.o.o.,\nBulevar oslobođenja 383,\n11000 Beograd,\nSerbia\nwww.henkel.rs,\ne-mail: info@rs.henkel.com,\nTelefon: 011\\2072 200Dystrybutor:Henkel Polska Sp. z o.o.ul. Domaniewska 41 02-672 Warszawa tel. 22 56 56 000henkel.polska@henkel.comNazwa wymagana prawnie:Bref WC Power Aktiv Zawieszka myjąco-zapachowa do muszli WC cytryna ocean 4 x 50 g"}], "images": ["data/images/6546cb0404f7edb9bc12f6d71bdd0a7f.jpg", "data/images/ff4660c959dbd475244c079a1da445da.jpg"], "absolute_path": "Dla domu/Sprzątanie/Do rur i wc/Produkt 27"}
{"name": "Produkt 23", "url": "https://zakupy.biedronka.pl/domestos-domestos-plyn-czyszczaco-dezynfekujacy-przedluzona-moc-original-1-l-0000019161.html", "title": "Domestos Płyn czyszcząco-dezynfekujący Przedłużona Moc Original 1 l", "brand": "Domestos", "price": "14.99 PLN", "packaging_details": "1l- 14,99 zł / l", "description_sections": [{"header": "Opis produktu", "content": "Co powiesz na żel do toalet, który zapewnia maksymalną ochronę przed zarazkami, zapobiega osadzaniu się kamienia, skutecznie i niezawodnie czyści Twoją toaletę i na długo pozostawia ją świeżą i czystą? Co powiesz na produkt, dzięki któremu zdezynfekujesz większe powierzchnie, kafelki, płytki i podłogi? Tego wszystkiego dokona płyn dezynfekujący do czyszczenia toalet Domestos Przedłużona Moc Original. Wśród skutecznych środków do czyszczenia toalety i innych powierzchni to lider, z którym trudno konkurować. Jego gęsta, żelowa konsystencja ma właściwości biobójcze, doskonale pokrywa całą muszlę i eliminuje 99,9% bakterii i wirusów nawet poniżej linii wody. Płyn do toalet Domestos to kolejna generacja chlorowych płynów z cząsteczkami zapobiegającymi osadzaniu się kamienia na całej powierzchni muszli. Dzięki specjalnie wyprofilowanej szyjce opakowania płyn do dezynfekcji bez problemu dotrze do trudnodostępnych miejsc. Stosowany regularnie stanowi barierę ochronną nie tylko przed bakteriami, zarazkami, sporami i grzybami, ale także przed kamieniem. Oprócz tego wybiela toaletę, zostawiając po sobie czystość i świeży zapach. Stosuj go codziennie, a moc i higiena będą z Tobą! W zależności od pożądanego efektu używaj go bezpośrednio lub w rozcieńczeniu. Jeśli chcesz wyczyścić toaletę, pokryj wnętrze muszli nierozcieńczonym płynem Domestos i najlepiej pozostaw na noc (zapewni to jeszcze lepsze działanie biobójcze). Do wyczyszczenia większych powierzchni rozcieńcz płyn w stosunku 180 ml płynu (jedna nakrętka) na 5 l wody. By utrzymać jego działanie, koniecznie zastosuj kostki toaletowe Domestos Power 5.Subrand:Przedłużona Moc"}, {"header": "Składniki i alergeny", "content": "Składniki:<5 % związki wybielające na bazie chloru,niejonowe środki powierzchniowo czynne,mydło,kompozycja zapachowa,Zawiera substancję czynną: aktywny chlor uwolniony przez podchloryn sodu: 4,28 g / 100 g"}, {"header": "Przechowywanie i sposób przygotowania", "content": "Sposób podania:Sposób użycia: By otworzyć: ściśnij nakrętkę i przekręć w kierunku odwrotnym do ruchu wskazówek zegara. Po użyciu: nałóż nakrętkę i przekręć zgodnie z ruchami wskazówek zegara aż usłyszysz kliknięcie. Dezynfekcja - nierozcieńczony: Proces dezynfekcji poprzedzić myciem powierzchni. Działanie bakteriobójcze, grzybobójcze, sporobójcze i wirusobójcze - po 15 min. Na powierzchniach nieumytych: po 30 min. Muszle toaletowe: rozprowadzić równomiernie pod górną krawędzią muszli (około 80 ml), pozostawić na noc by zabić zarazki, spłukać. Skuteczność bójcza (zakres bakteriobójczy i drożdżakobójczy) do 7 spłukań toalety. Dla optymalnych rezultatów i długotrwałej ochrony przed kamieniem i zarazkami używaj produktu co najmniej raz dziennie. Wlot studzienki wanny, umywalki: wlać, aby zdezynfekować i usunąć przykry zapach. Pozostawić na noc, spłukać. Przed użyciem na delikatnych powierzchniach (wanny, umywalki) sprawdzić najpierw w mało widocznym miejscu. Dezynfekcja - rozcieńczony: Proces dezynfekcji poprzedzić dokładnym myciem powierzchni / materiałów. Duże powierzchnie (np. podłogi, kafelki, powierzchnie robocze): działanie bakteriobójcze, grzybobójcze, wirusobójcze - po 15 minutach. Dodać 180 ml płynu (1 nakrętka = 15 ml) do 5 l wody. Ściereczki i gąbki do mycia naczyń: dodać 90 ml płynu do 2,5 l wody. Spłukać wodą przeznaczona do spożycia. Rozcieńczony - wybielanie: do wybielania białych tkanin użyć 20 ml płynu na 5 litrów wody, moczyć przez noc, wypłukać. Szpitale i inne zakłady opieki zdrowotnej (powierzchnie czyste, wolne od zanieczyszczeń organicznych): działanie bakteriobójcze, grzybobójcze, wirusobójcze. Powierzchnie dokładnie umyć przed przystąpieniem do dezynfekcji. Aby zdezynfekować należy rozcieńczyć preparat w proporcji 1:3 (1 część Domestos: 2 części wody). Spłukać po 15 min. Zalecenia: Stosuj zgodnie z zaleceniami. Nie używać na emalii i powierzchniach metalizowanych (chromowanych, pozłacanych, itp.). Nie używać do jedwabiu, wełny, tkanin kolorowych, sztucznych i innych delikatnych materiałów, skóry lub na naczyniach o specjalnej powierzchni (np. ogniotrwałej). Zawsze odnosić się do instrukcji producenta. W przypadku wylania się płynu, natychmiast dokładnie zmyć powierzchnię czystą wodą. Po użyciu umyć ręce. Przechowywać w oryginalnym opakowaniu w chłodnym miejscu w pozycji pionowej, z dala od żywności. Odpowiedni do stosowania w gospodarstwach domowych posiadających szambo. Odpady i odpady pojedynczych opakowań traktować jak odpady z gospodarstwa domowego. Pomieszczenie wietrzyć do zaniku charakterystycznego zapachu. Nie wdychać par."}, {"header": "Pozostałe informacje", "content": "Dystrybutor:Nazwa wymagana prawnie:Domestos Przedłużona Moc Original Płyn czyszcząco-dezynfekujący 1 l"}], "images": ["data/images/22a993f6b649c4679199660b55604636.jpg", "data/images/8a1d993d1d46ce9eb7f78b8ed2349439.jpg", "data/images/d8ef3278dadbd05655fa36ece59521b2.jpg"], "absolute_path": "Dla domu/Sprzątanie/Do rur i wc/Produkt 23"}
{"name": "Produkt 32", "url": "https://zakupy.biedronka.pl/kret-kret-zel-do-wc-antykamien-multi-action-750-g-0000018784.html", "title": "Kret Żel do WC Antykamień Multi Action 750 g", "brand": "Kret", "price": "6.99 PLN", "packaging_details": "0.75kg- 9,32 zł / kg", "description_sections": [{"header": "Opis produktu", "content": "Kret żel do WC Multi Action. Działa bakteriobójczo i grzybobójczo. Do mycia i dezynfekcji muszli klozetowych, bidetów i pisuarów. Postać produktu: żel.Żel do WC z linii antykamień, dzięki nowej 2 x silniejszej formule jeszcze efektywniej usuwa uporczywy kamień i kompleksowo dba o twoją toaletę, zapewniając jej higieniczną czystość. Dzięki innowacyjnej recepturze doskonale radzi sobie z zabrudzeniami, delikatnie wybiela i nadaje połysk. Odpowiednio dobrana konsystencja żelu zapewnia długotrwały efekt działania.1. Eliminuje osady2. Zabija 99,9 % bakterii i grzybów3. Likwiduje uporczywy kamień4. Nadaje połysk5. Usuwa rdzę6. Likwiduje brud7. Zwalcza uciążliwe zacieki8. Niweluje nieprzyjemne zapachy9. Czyści pod obrzeżem muszli10. Działa nad i pod powierzchnią wody11. Opóźnia osadzanie się zabrudzeń12. Odświeża*w porównaniu do poprzedniej wersjiSubrand:Antykamień"}, {"header": "Składniki i alergeny", "content": "Składniki:Produkt zawiera m.in.: < 5 % niejonowe środki powierzchniowo-czynne; kompozycję zapachową (Hexyl Cinnamal, Limonene)"}, {"header": "Przechowywanie i sposób przygotowania", "content": "Sposób podania:Sposób użycia: Nanieść żel na czyszczoną powierzchnię. Po 15 minutach umyć szczotką, następnie spłukać wodą. Nie stosować do powierzchni wrażliwych na działanie kwasów (emalia, marmur, kamień itp.). Nie mieszać z innymi produktami. Efekt bakteriobójczy i grzybobójczy po 15 minutach. Umyć ręce po użyciu."}, {"header": "Pozostałe informacje", "content": "Producent:Dr. Miele Cosmed Group S.A.\nul. Wielkopolska 3\n26-600 Radom\nwww.dr-miele.eu\nkret@dr-miele.euNazwa wymagana prawnie:kret Antykamień Multi Action Żel do WC 750 g"}], "images": ["data/images/7276447e2cf8297b6db74ef031179aaa.jpg"], "absolute_path": "Dla domu/Sprzątanie/Do rur i wc/Produkt 32"}
{"name": "Produkt 30", "url": "https://zakupy.biedronka.pl/bref-bref-zawieszka-myjaco-zapachowa-do-muszli-wc-spa-moments-vitality-2-x-50-g-0000014408.html", "title": "Bref Zawieszka myjąco-zapachowa do muszli WC Spa Moments Vitality 2 x 50 g", "brand": "Bref", "price": "14.99 PLN", "packaging_details": "0.1kg- 149,90 zł / kg", "description_sections": [{"header": "Opis produktu", "content": "Bref Spa Moments, dzięki wyjątkowej kompozycji zawierającej olejki eteryczne zamieni Twoją toaletę w domowe spa. Z każdym spłukaniem uwalnia się przyjemny zapach, pozostawiając długotrwały efekt świeżości oraz przytulną atmosferę. Czysta i świeża toaleta z Bref!4-funkcyjna formuła1. Dodatkowa świeżośćZapewnia na długo zapach świeżości w łazience2. Aktywna pianaCzyści toaletę podczas każdego spłukania3. Efekt odkamienianiaZapobiega osadzaniu się osadu z kamienia4. Ochrona przed brudemZapobiega przywieraniu nowych zabrudzeńSubrand:Spa Moments"}, {"header": "Składniki i alergeny", "content": "Składniki:>30 % anionowe środki powierzchniowo czynne,5-15 % niejonowe środki powierzchniowo czynne,kompozycja zapachowa (Coumarin, Limonene, Linalool)"}, {"header": "Przechowywanie i sposób przygotowania", "content": "Sposób podania:Sposób użycia: Zawieś Bref pod obrzeżem muszli toaletowej.Natychmiast zetrzeć zachlapania zabarwioną wodą z deski sedesowej lub innych powierzchni."}, {"header": "Pozostałe informacje", "content": "Dystrybutor:Henkel Polska Sp. z o.o.ul. Domaniewska 41 02-672 Warszawahenkel.polska@henkel.comNazwa wymagana prawnie:Bref WC Spa Moments Vitality Zawieszka myjąco-zapachowa do muszli WC 2 x 50 g"}], "images": ["data/images/df509cb015edd9343da2cf22de018275.jpg"], "absolute_path": "Dla domu/Sprzątanie/Do rur i wc/Produkt 30"}
{"name": "Produkt 29", "url": "https://zakupy.biedronka.pl/bref-bref-wc-deluxe-zawieszka-myjaco-zapachowa-do-muszli-wc-delikatna-magnolia-2-x-50-g-0000013220.html", "title": "Bref WC DeLuxe Zawieszka myjąco-zapachowa do muszli WC delikatna magnolia 2 x 50 g", "brand": "Bref", "price": "14.99 PLN", "packaging_details": "0.1kg- 149,90 zł / kg", "description_sections": [{"header": "Opis produktu", "content": "Inspirowany nagradzanymi w prestiżowych konkursach zapachami perfum. Dla luksusowych i długotrwałych doznań aktywowanych przy każdym spłukaniu.Subrand:DeLuxe"}, {"header": "Składniki i alergeny", "content": "Składniki:>30 % anionowe środki powierzchniowo czynne,5-15 % niejonowe środki powierzchniowo czynne,kompozycja zapachowa (Linalool, Citronellol, Alpha-Isomethyl Ionone)"}, {"header": "Przechowywanie i sposób przygotowania", "content": "Sposób podania:Sposób użycia: Zawieś Bref pod obrzeżem muszli toaletowej.Zachowaj opakowanie aż do zużycia ostatniej zawieszki. Natychmiast zetrzeć zachlapania zabarwioną wodą z deski sedesowej lub innych powierzchni."}, {"header": "Pozostałe informacje", "content": "Dystrybutor:Henkel Polska Sp. z o.o.ul. Domaniewska 41 02-672 Warszawa tel. 22 56 56 000henkel.polska@henkel.comNazwa wymagana prawnie:Bref WC DeLuxe Zawieszka myjąco-zapachowa do muszli WC delikatna magnolia 2 x 50 g"}], "images": ["data/images/f163d9c8064f7063d3544df9e62546bf.jpg"], "absolute_path": "Dla domu/Sprzątanie/Do rur i wc/Produkt 29"}
{"name": "Produkt 31", "url": "https://zakupy.biedronka.pl/bref-bref-wc-deluxe-midnight-bouquet-zawieszka-myjaco-zapachowa-do-muszli-wc-2-x-50-g-0000020296.html", "title": "Bref WC DeLuxe Midnight Bouquet Zawieszka myjąco-zapachowa do muszli WC 2 x 50 g", "brand": "Bref", "price": "14.99 PLN", "packaging_details": "0.1kg- 149,90 zł / kg", "description_sections": [{"header": "Opis produktu", "content": "Inspirowany nagradzanymi w prestiżowych konkursach zapachami perfum. Dla luksusowych i długotrwałych doznań aktywowanych przy każdym spłukaniu.Subrand:DeLuxe"}, {"header": "Składniki i alergeny", "content": "Składniki:>30 % anionowe środki powierzchniowo czynne,5 - 15 % niejonowe środki powierzchniowo czynne,kompozycja zapachowa (Citronellol, Coumarin, Alpha-Isomethyl Ionone)"}, {"header": "Przechowywanie i sposób przygotowania", "content": "Sposób podania:Sposób użycia: Zawieś zawieszkę Bref pod obrzeżem muszli toaletowej w optymalnym miejscu przepływu wody.Zachowaj opakowanie aż do zużycia ostatniej zawieszki. Natychmiast zetrzeć zachlapania zabarwioną wodą z deski sedesowej lub innych powierzchni."}, {"header": "Pozostałe informacje", "content": "Producent:Henkel Srbija d.o.o.,\nBulevar oslobođenja 383,\n11040 Beograd,\nSerbia\nwww.henkel.rs\ne-mail: info@rs.henkel.com\nTelefon: 011\\2072 200Dystrybutor:Henkel Polska Sp. z o.o.ul. Domaniewska 41 02-672 Warszawa tel. 22 56 56 000henkel.polska@henkel.comNazwa wymagana prawnie:Bref WC DeLuxe Midnight Bouquet Zawieszka myjąco-zapachowa do muszli WC 2 x 50 g"}], "images": ["data/images/859a8dba58b833f4f412b073f35bdf18.jpg"], "absolute_path": "Dla domu/Sprzątanie/Do rur i wc/Produkt 31"}
{"name": "Produkt 28", "url": "https://zakupy.biedronka.pl/domestos-domestos-zero-kamienia-lime-zel-do-toalet-750-ml-0000005261.html", "title": "Domestos Zero Kamienia Lime Żel do toalet 750 ml", "brand": "Domestos", "price": "15.29 PLN", "packaging_details": "0.75l- 20,39 zł / l", "description_sections": [{"header": "Opis produktu", "content": "Jeśli w walce z osadem w toalecie czujesz, że Twoje wysiłki idą na marne, sięgnij po płyn do czyszczenia toalet Domestos Zero Kamienia Lime. Nasz bezkonkurencyjny niszczyciel kamienia jest do 3x gęstszy w porównaniu z innymi produktami tego typu. Dzięki specjalnej, gęstej formule dokładnie przylega do ścianek muszli również poniżej i powyżej linii wody, docierając nawet do najtrudniej dostępnych zakamarków. Detergent z łatwością usuwa najmocniej osadzony kamień i zapobiega powstawaniu nowego. Jednak jego rola nie kończy się na pozbywaniu się niechcianego brudu i nieestetycznych osadów z trudno dostępnych miejsc. Płyn do WC Domestos Zero Kamienia Lime chroni również przed zarazkami rozpylanymi podczas spłukiwania wody, niszcząc 99,9% bakterii, grzybów i spor, które – niewidoczne dla oka – mogą kryć się w toalecie. Wypróbuj nasz płyn do dezynfekcji o odświeżającym limonkowym zapachu i ciesz się lśniącą czystością toaletą wolną od zarazków. Wystarczy równomiernie rozprowadzić ok. 70 ml produktu po wewnętrznej powierzchni muszli, odczekać 30 minut i spłukać, a następnie przetrzeć szczotką, aby cieszyć się idealnie czystą toaletą przez długi czas. Odkamieniacz przeznaczony tylko do toalet. Unikać kontaktu z innymi powierzchniami. Wypowiadamy wojnę złym warunkom sanitarnym lokalnie i na świecie, pomagając ludziom z utrudnionym dostępem do toalet. Wspieramy także szkoły w utrzymaniu toalet w czystości, by dzieci uczyły się w lepszych warunkach. Odwiedź naszą stronę internetową, by dowiedzieć się więcej o naszej współpracy z organizacją charytatywną UNICEF, mającej na celu zapewnienie ludziom dostępu do czystych, bezpiecznych toalet na całym świecie. * Potwierdzone wynikami badań na obecność bakterii, drożdżaków, grzybów i spor.Subrand:Zero Kamienia"}, {"header": "Składniki i alergeny", "content": "Składniki:substancja czynna: kwas chlorowodorowy 8 g / 100 g,<5 % niejonowe środki powierzchniowo czynne, kationowe środki powierzchniowo czynne, kompozycja zapachowa"}, {"header": "Przechowywanie i sposób przygotowania", "content": "Sposób podania:Sposób użycia: Rozprowadź nierozcieńczony żel (70 ml) na całej powierzchni toalety. Pozostaw na 30 minut, aby dezynfekować i usunąć kamień. Wyczyść szczotką i spłucz. Jeśli jest taka potrzeba użyj ponownie. Podczas pracy nie jeść, nie pic, nie palić tytoniu."}, {"header": "Pozostałe informacje", "content": "Producent:Unilever Polska Sp. z o.o.,\nAl. Jerozolimskie 134,\n02-305 Warszawa\n801 610 610Dystrybutor:Unilever Polska Sp. z o.o.Al. Jerozolimskie 134 02-305 WarszawaNazwa wymagana prawnie:Domestos Zero Kamienia Lime Żel do toalet 750 ml"}], "images": ["data/images/a1969ce925ec94b835670d4a0fbc3aba.jpg", "data/images/9716f741151808578edcaaf95232e8ab.jpg", "data/images/808703b5a711f34e33f8d87d59231e6c.jpg", "data/images/0c72c6f90271b4f97b167e2d64dddc5c.jpg", "data/images/46036157b453fa14828e751976174421.jpg", "data/images/a9cb0296e5af789ed11559f7028cad91.jpg", "data/images/fabadfa1e889d791d5dd05dbcd3df28d.jpg", "data/images/6e12d6267f909a788412368ca5ae6387.jpg"], "absolute_path": "Dla domu/Sprzątanie/Do rur i wc/Produkt 28"}
{"name": "Produkt 34", "url": "https://zakupy.biedronka.pl/bref-bref-color-aktiv-zawieszka-do-wc-morski-2x50-g-0000016527.html", "title": "Bref Color Aktiv Zawieszka do WC morski 2x50 g", "brand": "Bref", "price": "17.99 PLN", "packaging_details": "0.1kg- 179,90 zł / kg", "description_sections": [{"header": "Opis produktu", "content": "Czy nie byłoby wspaniale, gdyby Twoja toaleta była zawsze czysta i świeża jak błękitna laguna?Dzięki niebieskim kuleczkom wodnym, Bref Turquoise Aktiv w widoczny sposób utrzymuje czystość i świeżość toalety, również pomiędzy spłukaniami. Jak? Gdy spłukujesz toaletę, koszyczek Turquoise Aktiv zbiera ją, wzbogaca o składniki aktywne i uwalnia pod koniec spłukania. Dowodem jest błękitny kolor wody pozostającej w toalecie dla maksymalnej czystości i świeżości nawet pomiędzy spłukaniami!"}, {"header": "Składniki i alergeny", "content": "Składniki:-"}, {"header": "Pozostałe informacje", "content": "Kraj pochodzenia:NiemcyKraj pochodzenia zależy od konkretnej partii produktu jaka znajduje się w sklepie. Informację o kraju pochodzenia znajdziesz na opakowaniu. Możesz również dodać komentarz z preferowanym typem produktu w koszyku lub wiadomości dla shoppera (np. “prosze o pomidory polskie”).Dystrybutor:Henkel Polskaul. Domaniewska 41 02-672 Warszawadominik.klepczynski@henkel.comNazwa wymagana prawnie:Zawieszka do muszli WC"}], "images": ["data/images/01f07950f1c70c05065350ac418dd3f9.jpg"], "absolute_path": "Dla domu/Sprzątanie/Do rur i wc/Produkt 34"}
{"name": "Produkt 37", "url": "https://zakupy.biedronka.pl/duck-duck-fresh-discs-tropical-summer-zelowy-krazek-do-toalety-podwojny-zapas-2-x-36-ml-72-ml-0000013082.html", "title": "Duck Fresh Discs Tropical Summer Żelowy krążek do toalety podwójny zapas (2 x 36 ml) 72 ml", "brand": "Duck", "price": "16.99 PLN", "packaging_details": "0.148l- 235,97 zł / l", "description_sections": [{"header": "Opis produktu", "content": "Duck Fresh Discs trzyma z dala zabrudzenia i nieprzyjemne zapachy od twojej toalety oraz odświeża ją przy każdym spłukaniu, nadając twojej toalecie wyjątkowego lawendowego zapachu. Nasza unikalna formuła przy każdym spłukaniu aktywuje osłonę ochronną, która pomaga zapobiegać osadzaniu się kamienia. Jest łatwy w użyciu! Użyj plastikowego uchwytu i zaaplikuj żelowy krążek na muszli klozetowej. Jeden świeży krążek pomaga utrzymać muszlę klozetową w czystości i połysku nawet przez 6 tygodni.Zawiera: podwójny zapas krążków zapachowych (2x 36 ml).Limitowana edycja, inspirowana zapachem lata, która łączy w sobie świeżość tropikalnych kwiatów, przesiąkniętych słońcem egzotycznych owoców, dzięki czemu możesz ponownie przeżyć radosne letnie wspomnienia w swojej łazience, niezależnie od pogody na zewnątrz.Krążki Duck Fresh Discs nadają się do szamb i jednocześnie zapobiegają gromadzeniu się kamienia. Blister Duck Fresh Discs jest wykonany w 50% z plastiku zebranego na lądzie** - tak, aby zapobiec przedostaniu się do oceanu.Fresh Discs działają jeszcze lepiej, gdy są używane razem z płynem do czyszczenia toalet Duck Deep Action Gel. Najpierw użyj żelu do czyszczenia toalet Deep Action Gel, aby skutecznie wyczyścić całą muszlę. Gdy to zrobisz, zaaplikuj Duck Fresh Discs tak, aby utrzymać czystość i świeżość na jeszcze dłużej. To idealne połączenie, które pomaga utrzymać wygląd i zapach Twojej toalety dokładnie tak, jak tego chcesz.Fresh Discs są łatwe w użyciu: wystarczy umieścić uchwyt na muszli klozetowej, a następnie nacisnąć dozownik, aby przymocować krążek.Krążki Duck Fresh docierają tam, gdzie inni nie mogą. Likwidują zarazki i zapewniają nieprzerwany zapach 24\\7.** Przy regularnym korzystaniu z toalety** Plastik z recyklingu poużytkowego zebrany we współpracy z Plastic Bank"}, {"header": "Składniki i alergeny", "content": "Składniki:Zawiera < 5% Anionowe środki powierzchniowo czynne, 15-30% niejonowe środki powierzchniowo czynne, kompozycje zapachowa , BENZYL SALICYLATE, Limonene, LINALOOL, CITRONELLOL, CITRAL, COUMARIN."}, {"header": "Pozostałe informacje", "content": "Kraj pochodzenia:Holandia, Unia EuropejskaKraj pochodzenia zależy od konkretnej partii produktu jaka znajduje się w sklepie. Informację o kraju pochodzenia znajdziesz na opakowaniu. Możesz również dodać komentarz z preferowanym typem produktu w koszyku lub wiadomości dla shoppera (np. “prosze o pomidory polskie”).Producent:SC Johnson Sp. z o.o.,\nul. Taśmowa 7,\n02-677 Warszawa,\ntel.: +48 22 445 88 00\nInfolinia 0801 11 12 11 (koszt połącz. wg taryfy operatora)Importer:S.C. JohnsonTaśmowa 7 02-677 Warszawa PLbiuro@scj.comNazwa wymagana prawnie:Duck® Fresh Discs® Tropical Summer - żelowy krążek do toalet, podwójny zapas 2x36 ml"}], "images": ["data/images/d7e4e655c021dee0e4db087aa6f7eed5.jpg"], "absolute_path": "Dla domu/Sprzątanie/Do rur i wc/Produkt 37"}
{"name": "Produkt 36", "url": "https://zakupy.biedronka.pl/duck-duck-deep-action-pine-zel-do-czyszczenia-i-dezynfekcji-toalet-750-ml-0000012774.html", "title": "Duck Deep Action Pine Żel do czyszczenia i dezynfekcji toalet 750 ml", "brand": "Duck", "price": "4.45 PLN", "packaging_details": "0.75l- 5,93 zł / l", "description_sections": [{"header": "Opis produktu", "content": "Wyjątkowy zapach, bez nieprzyjemnej woni.Unikalna szyjkaLepsze dotarcie* = lepsze czyszczenie*W oparciu o badania laboratoryjne dotyczące czyszczenia pod obrzeżem muszli.Subrand:Deep Action"}, {"header": "Składniki i alergeny", "content": "Składniki:<5 % niejonowe środki powierzchniowo czynne,substancja dezynfekująca,kompozycja zapachowa"}, {"header": "Pozostałe informacje", "content": "Dystrybutor:Nazwa wymagana prawnie:Duck Deep Action Pine Żel do czyszczenia i dezynfekcji toalet 750 ml"}], "images": ["data/images/50fbe5b2e011306d53a4682c4c87c87d.jpg"], "absolute_path": "Dla domu/Sprzątanie/Do rur i wc/Produkt 36"}
{"name": "Produkt 33", "url": "https://zakupy.biedronka.pl/bref-bref-wc-brilliant-gel-all-in-1-zawieszka-myjaco-zapachowa-do-muszli-wc-magiczna-bryza-2-x-42-g-0000013510.html", "title": "Bref WC Brilliant Gel All in 1 Zawieszka myjąco-zapachowa do muszli WC magiczna bryza 2 x 42 g", "brand": "Bref", "price": "14.99 PLN", "packaging_details": "0.084kg- 178,45 zł / kg", "description_sections": [{"header": "Opis produktu", "content": "Innowacja od marki Bref!Bref Brilliant Gel z formułą All in 1, dzięki 4 funkcjom nie tylko czyści toaletę przy każdym spłukaniu, lecz także zapewnia świeżość i olśniewający połysk. Bref Brilliant Gel - nasze olśniewające rozwiązanie dla Twojej toalety.4 funkcyjna formuła:1. Mocna pianaCzyści toaletę przy każdym spłukaniu2. Zwalczanie bruduChroni przed osadzaniem się brudu3. Świeżość perfumZapewnia świeżość i długotrwały zapach4. Jasny połyskPozostawia toaletę pełną blaskuSubrand:Brilliant Gel All in 1"}, {"header": "Składniki i alergeny", "content": "Składniki:> 30 % niejonowe środki powierzchniowo czynne,kompozycja zapachowa (Alpha-Isomethyl Ionone, Citral, Citronellol, Coumarin, Hexyl Cinnamal),środki konserwujące: Benzisothiazolinone, Methylisothiazolinone"}, {"header": "Przechowywanie i sposób przygotowania", "content": "Sposób podania:Sposób użycia: Zerwij aluminiową folię z koszyczka i zawieś go pod obrzeżem muszli toaletowej w miejscu optymalnego przepływu wody.Zachowaj opakowanie do czasu zużycia wszystkich zawieszek.Natychmiast zetrzeć zachlapania zabarwioną wodą z deski sedesowej lub innych powierzchni."}, {"header": "Pozostałe informacje", "content": "Dystrybutor:Henkel Polska Sp. z o.o.ul. Domaniewska 41 02-672 Warszawa tel. 22 56 56 000henkel.polska@henkel.comNazwa wymagana prawnie:Bref WC Brilliant Gel All in 1 Zawieszka myjąco-zapachowa do muszli WC magiczna bryza 2 x 42 g"}], "images": ["data/images/5516b367874864f9a7db34429fb86375.jpg"], "absolute_path": "Dla domu/Sprzątanie/Do rur i wc/Produkt 33"}
{"name": "Produkt 35", "url": "https://zakupy.biedronka.pl/bref-bref-wc-power-aktiv-zawieszka-myjaco-zapachowa-do-muszli-wc-lawenda-2-x-50-g-0000004951.html", "title": "Bref WC Power Aktiv Zawieszka myjąco-zapachowa do muszli WC lawenda 2 x 50 g", "brand": "Bref", "price": "13.99 PLN", "packaging_details": "0.1kg- 139,90 zł / kg", "description_sections": [{"header": "Opis produktu", "content": "Bref Power Aktiv czyści toaletę z każdym spłukaniem. Przez 24\\7 zapewnia świeżość i ochronę przed brudem utrzymującą się nawet pomiędzy spłukaniami.4-funkcyjna formuła: 1. Aktywna piana czyszcząca toaletę podczas każdego spłukania. 2. Efekt odkamieniania zapobiegający tworzeniu się osadu z kamienia. 3. Skuteczna ochrona przed brudem i zapobieganie przywieraniu nowych zabrudzeń. 4. Wyjątkowa świeżość, która pozostaje w toalecie na dłużej.Subrand:Power Aktiv"}, {"header": "Składniki i alergeny", "content": "Składniki:>30 % anionowe środki powierzchniowo czynne,5-15 % niejonowe środki powierzchniowo czynne,kompozycja zapachowa (Coumarin, Linalool, Limonene)"}, {"header": "Przechowywanie i sposób przygotowania", "content": "Sposób podania:Zachowaj opakowanie aż do zużycia ostatniej zawieszki. Natychmiast zetrzeć zachlapania zabarwioną wodą z deski sedesowej lub innych powierzchni."}, {"header": "Pozostałe informacje", "content": "Nazwa wymagana prawnie:Bref WC Power Aktiv Zawieszka myjąco-zapachowa do muszli WC lawenda 2 x 50 g"}], "images": ["data/images/55465c4f6019ac0066e55abea8baae0d.jpg", "data/images/59e1159a29e03682fcb10037da13660e.jpg"], "absolute_path": "Dla domu/Sprzątanie/Do rur i wc/Produkt 35"}
{"name": "Produkt 2", "url": "https://zakupy.biedronka.pl/persil-persil-proszek-do-prania-tkanin-bialych-165-kg-30-pran-0000794282.html", "title": "Persil Proszek do prania tkanin białych 1,65 kg (30 prań)", "brand": "Persil", "price": "47.99 PLN", "packaging_details": "1.65kg- 29,08 zł / kg", "description_sections": [{"header": "Opis produktu", "content": "Proszek do prania białych tkanin Persil Deep Clean Universal - Doświadcz mocy głębokiej czystości prania i higienicznej świeżości pralki.Dzięki Technologii Deep Clean płyn wnika głęboko we włókna, rozpuszczając uporczywe plamy i usuwając je. Płyn do prania Persil trafia głęboko również do elementów pralki, aby zwalczyć nieprzyjemne zapachy, pozostawiając ją czystą i higienicznie świeżą."}, {"header": "Przechowywanie i sposób przygotowania", "content": "Sposób podania:Nieprzydatny do prania wełny, jedwabiu i innych delikatnych tkanin."}, {"header": "Pozostałe informacje", "content": "Producent:(P) Henkel Polska Operations Sp. z o.o.,\nul. Domaniewska 41,\n02-672 Warszawa,\nPolska\n\n(RS) Henkel Srbija d.o.o.,\nBulevar Oslobođenja 383,\n11040 Beograd,\nSerbiaDystrybutor:Henkel Polska Sp. z o.o.ul. Domaniewska 41 02-672 Warszawa tel. 22 56 56 000henkel.polska@henkel.comImporter:Jeronimo Martins Polska S.A.Żniwna 5 62-025 Kostrzyn PLNazwa wymagana prawnie:Persil Proszek do prania tkanin białych 1,65 kg (30 prań)"}], "images": ["data/images/58ba64184487d34128fc60986450ee52.jpg"], "absolute_path": "Dla domu/Pranie/Proszki/Produkt 2"}
{"name": "Produkt 3", "url": "https://zakupy.biedronka.pl/persil-persil-color-proszek-do-prania-165-kg-30-pran-0000794281.html", "title": "Persil Color Proszek do prania 1,65 kg (30 prań)", "brand": "Persil", "price": "47.99 PLN", "packaging_details": "1.65kg- 29,08 zł / kg", "description_sections": [{"header": "Opis produktu", "content": "Proszek do prania Persil Deep Clean Color - Doświadcz mocy głębokiej czystości prania i higienicznej świeżości pralki.Dzięki Technologii Deep Clean płyn wnika głęboko we włókna, rozpuszczając uporczywe plamy i usuwając je. Płyn do prania Persil trafia głęboko również do elementów pralki, aby zwalczyć nieprzyjemne zapachy, pozostawiając ją czystą i higienicznie świeżą."}, {"header": "Składniki i alergeny", "content": "Składniki:5-15 % anionowe środki powierzchniowo czynne,<5 % niejonowe środki powierzchniowo czynne, zeolity, fosfoniany, polikarboksylany,enzymy,kompozycja zapachowa"}, {"header": "Przechowywanie i sposób przygotowania", "content": "Sposób podania:Nieprzydatny do prania wełny, jedwabiu i innych delikatnych tkanin."}, {"header": "Pozostałe informacje", "content": "Producent:(P) Henkel Polska Operations Sp. z o.o.,\nul. Domaniewska 41,\n02-672 Warszawa,\nPolska\n\n(RS) Henkel Srbija d.o.o.,\nBulevar Oslobođenja 383,\n11040 Beograd,\nSerbiaDystrybutor:Henkel Polska Sp. z o.o.ul. Domaniewska 41 02-672 Warszawa tel. 22 56 56 000henkel.polska@henkel.comImporter:Jeronimo Martins Polska S.A.Żniwna 5 62-025 Kostrzyn PLNazwa wymagana prawnie:Persil Color Proszek do prania 1,65 kg (30 prań)"}], "images": ["data/images/753763ac60dfd3dfd46f0031507f16d8.jpg"], "absolute_path": "Dla domu/Pranie/Proszki/Produkt 3"}
{"name": "Produkt 2", "url": "https://zakupy.biedronka.pl/finish-finish-tabletki-do-czyszczenia-zmywarki--3-x-17-g-51-g-0000013046.html", "title": "Finish Tabletki do czyszczenia zmywarki  (3 x 17 g) 51 g", "brand": "Finish", "price": "14.99 PLN", "packaging_details": "3szt.- 5,00 zł / szt", "description_sections": [{"header": "Opis produktu", "content": "FINISH Kapsułki Inwash do czyszczenia zmywarkiOpis:Jedyny na rynku czyścik, którego nie musisz stosować na pustą zmywarkę. Działa podczas cyklu zmywania razem z naczyniami!Twarda woda oraz resztki jedzenia osadzają się w rurach i na częściach zmywarki, pogarszając jej wydajność i wydzielając nieprzyjemny zapach. Zmywarka działa w pełni sprawnie jeżeli przynajmniej raz w miesiącu stosujesz kapsułki do czyszczenia Finish Inwash. Dzięki czyścikowi Finish Twoja zmywarka pozostanie higienicznie czysta i sprawna na dużo dłużej. Czyścik dociera nawet do trudno dostępnych miejsc, takich jak ramię natryskowe, grzałka i filtr.Wystarczy włożyć czyścik na dno zmywarki (razem z naczyniami) i rozpocząć cykl zmywania, aby zmywarka lśniła jak nowa. Jeden produkt wystarcza aż na 3 miesiące.Dla 100% skuteczności czyszczenia!• skuteczne czyszczenie zmywarki• zapas na 3 miesiące• świeży zapach"}, {"header": "Składniki i alergeny", "content": "Składniki:5-15 % polikarboksylany, niejonowe środki powierzchniowo czynne,enzymy (Subtylizyna),kompozycja zapachowa (Limonene)"}, {"header": "Przechowywanie i sposób przygotowania", "content": "Sposób podania:Sposób użycia:1 tabletka = 1 czyszczenieUżywaj raz w miesiącuInstrukcja użycia: Włóż naczynia do zmywarki i dodaj detergent do mycia naczyń. Oderwij opakowanie wzdłuż perforowanej linii. Umieść jedną tabletkę do czyszczenia zmywarki Finish na dnie zmywarki. Uruchom standardowy cykl zmywania. Nie rozpakowuj, nie przekłuwaj, ani nie przecinaj tabletki. Trzymaj tabletkę tylko suchymi dłońmi.Pasuje do wszystkich zmywarek."}, {"header": "Pozostałe informacje", "content": "Producent:Podmiot odpowiedzialny\nRB (Hygiene Home) Poland Sp. z o.o.,\nul. Okunin 1,\n05-100 Nowy Dwór Mazowiecki\nconsumercare@reckitt.com\n+48 22 211 26 94Importer:RB (Hygiene Home) Poland Sp. z o.o.Okunin 1 05-100 Nowy Dwór Mazowiecki PLconsumercare@reckitt.comNazwa wymagana prawnie:Finish Tabletki do czyszczenia zmywarki 51 g (3 x 17 g)"}], "images": ["data/images/4c407dcbc1d29b23f27ad010d293cd69.jpg"], "absolute_path": "Dla domu/Sprzątanie/Czyszczenie zmywarek/Produkt 2"}
{"name": "Produkt 1", "url": "https://zakupy.biedronka.pl/kraft-kraft-srodek-do-czyszczenia-zmywarek-250-ml-0000002400.html", "title": "Kraft Środek do czyszczenia zmywarek 250 ml", "brand": "Kraft", "price": "4.99 PLN", "packaging_details": "0.25l- 19,96 zł / l", "description_sections": [{"header": "Opis produktu", "content": "Płyn czyszczący do zmywarek Kraft o cytrusowym zapachu to recepta na czystą zmywarkę. Dzięki technologii 5xPower doskonale usuwa tłuszcz, zapewnia czystość i higienę, chroni przed osadzaniem się kamienia, czyści filtr i zwiększa wydajność mycia."}, {"header": "Składniki i alergeny", "content": "Składniki:5-15% niejonowe środki powierzchniowo czynne, <5% środek konserwujący (Bronopol), <5% kompozycja zapachowa (Citral)"}, {"header": "Pozostałe informacje", "content": "Producent:Persán Polska S.A.Dystrybutor:Jeronimo Martins Polska S.A.Żniwna 5 62-025 KostrzynImporter:Jeronimo Martins Polska S.A.Żniwna 5 62-025 Kostrzyn PLNazwa wymagana prawnie:Środek do czyszczenia zmywarek"}], "images": ["data/images/111d20e2c93117f176389ec2883b7835.jpg", "data/images/d01796beaa716b6fbda58374e5bae861.jpg"], "absolute_path": "Dla domu/Sprzątanie/Czyszczenie zmywarek/Produkt 1"}
{"name": "Produkt 1", "url": "https://zakupy.biedronka.pl/vizir-vizir-proszek-do-prania-szybkie-rozpuszczanie-do-kolorow-proszek-do-prania-20-pran-11-kg-0000010366.html", "title": "Vizir Proszek do prania Szybkie rozpuszczanie Do kolorów Proszek do prania 20 prań 1,1 kg", "brand": "Vizir", "price": "29.99 PLN", "packaging_details": "1.1kg- 27,26 zł / kg", "description_sections": [{"header": "Opis produktu", "content": "Vizir Color Skoncentrowany proszek do prania zapewnia nieskazitelnie czyste pranie nawet uporczywych zabrudzeń. Koniec widocznych osadów – technologia Anti-Residue aktywuje się natychmiast i sprawia, że ubrania będą nieskazitelnie czyste."}, {"header": "Składniki i alergeny", "content": "Składniki:5-15% Anionowe Środki Powierzchniowo Czynne, <5% Niejonowe Środki Powierzchniowo Czynne, Fosfoniany, Polikarboksylany, Zeolity, Enzymy, Kompozycje Zapachowe, Limonene, Linalool"}, {"header": "Pozostałe informacje", "content": "Kraj pochodzenia:CzechyKraj pochodzenia zależy od konkretnej partii produktu jaka znajduje się w sklepie. Informację o kraju pochodzenia znajdziesz na opakowaniu. Możesz również dodać komentarz z preferowanym typem produktu w koszyku lub wiadomości dla shoppera (np. “prosze o pomidory polskie”).Producent:Procter & Gamble DCE BV Belgium Distr. Div., Temselaan 100, B-1853 Strombeek-Bever, BelgiumDystrybutor:Jeronimo Martins Polska S.A.Żniwna 5 62-025 Kostrzyn PLImporter:Jeronimo Martins Polska S.A.Żniwna 5 62-025 Kostrzyn PLNazwa wymagana prawnie:Vizir Proszek do prania Color, 20 prań"}], "images": ["data/images/101ff33260d96a59b057ac2d811ced54.jpg"], "absolute_path": "Dla domu/Pranie/Proszki/Produkt 1"}
{"name": "Produkt 6", "url": "https://zakupy.biedronka.pl/lovela-baby-lovela-baby-hipoalergiczny-proszek-do-prania-bialego-dla-niemowlat-13-kg-0000005241.html", "title": "Lovela Baby Hipoalergiczny proszek do prania białego dla niemowląt 1,3 kg", "brand": "Lovela Baby", "price": "28.89 PLN", "packaging_details": "1.3kg- 22,22 zł / kg", "description_sections": [{"header": "Opis produktu", "content": "Lovela to Hipoalergiczny proszek do prania pieluszek, bielizny niemowlęcej oraz ubranek dziecięcych.Polecany również dla osób z wrażliwą skórą, skłonnościami do alergii oraz AZS (atopowym zapaleniem skóry).Doskonały do prania ubrań całej rodziny.Dlaczego warto stosować proszek Lovela?hipoalergiczny - skład opracowany specjalnie z myślą o nawet bardzo wrażliwej skórzetestowany klinicznie - bezpieczny nawet dla noworodków już od pierwszego dnia życiamoże być stosowany przez osoby z alergiami i chorujące na AZS (atopowe zapalenie skóry)skutecznie usuwa zabrudzenianie zawiera wybielaczy optycznych i enzymównie zawiera sztucznych barwników i alergenówdobrze się wypłukujema delikatny, neutralny zapachłagodny dla skóry rąkprzeznaczony do prania zarówno w pralkach automatycznych, jak i do prania ręcznego oraz namaczania."}, {"header": "Składniki i alergeny", "content": "Składniki:15% - 30%: zeolity, 5% - 15%: niejonowe środki powierzchniowo czynne, związki wybielające na bazie tlenu, <5%: anionowe środki powierzchniowo czynne,polikarboksylany, mydło, kompozycja zapachowa."}, {"header": "Pozostałe informacje", "content": "Kraj pochodzenia:PolskaKraj pochodzenia zależy od konkretnej partii produktu jaka znajduje się w sklepie. Informację o kraju pochodzenia znajdziesz na opakowaniu. Możesz również dodać komentarz z preferowanym typem produktu w koszyku lub wiadomości dla shoppera (np. “prosze o pomidory polskie”).Nazwa wymagana prawnie:Lovela BABY do bieli. Proszek do prania białych tkanin, ubranek i pieluszek dziecięcych"}], "images": ["data/images/d7948468d0eb664ab3769c23c0bc0251.jpg"], "absolute_path": "Dla domu/Pranie/Proszki/Produkt 6"}
{"name": "Produkt 4", "url": "https://zakupy.biedronka.pl/lovela-baby-lovela-baby--hipoalergiczny-plyn-do-prania-bialego-dla-niemowlat-145-l-0000005242.html", "title": "Lovela Baby  Hipoalergiczny płyn do prania białego dla niemowląt 1,45 l", "brand": "Lovela Baby", "price": "28.89 PLN", "packaging_details": "1.45l- 22,22 zł / kg", "description_sections": [{"header": "Opis produktu", "content": "Lovela to hipoalergiczne mleczko do prania pieluszek, bielizny oraz ubranek noworodków, niemowląt i dzieci. Polecane również dla osób z wrażliwą skórą, skłonnościami do alergii oraz AZS (atopowym zapaleniem skóry). Doskonałe do prania ubrań całej rodziny. Mleczko zostało przebadane klinicznie i posiada pozytywną opinię Instytutu Matki i Dziecka.Zalety produktu:- Hipoalergiczne i delikatne- Od pierwszego dnia życia- Do ubranek białych- Pozytywna opinia Instytutu Matki i Dziecka- Przebadane dermatologicznie, testowane klinicznie- Bez dodatku sztucznych barwników, alergenów i fosforanów- Bezpieczne dla skóry noworodków i małych dzieci- Odpowiednie dla alergików- Delikatny, niedrażniący zapach- Do prania automatycznego, ręcznego i namaczania."}, {"header": "Składniki i alergeny", "content": "Składniki:5-15%: anionowe srodki powierzchniowo czynne, <5%: niejonowe środki powierzchniowo czynne, fosfoniany, mydło, phenoxyethanol, iodopropynylbutylcarbamate, kompozycja zapachowa"}, {"header": "Pozostałe informacje", "content": "Kraj pochodzenia:PolskaKraj pochodzenia zależy od konkretnej partii produktu jaka znajduje się w sklepie. Informację o kraju pochodzenia znajdziesz na opakowaniu. Możesz również dodać komentarz z preferowanym typem produktu w koszyku lub wiadomości dla shoppera (np. “prosze o pomidory polskie”).Nazwa wymagana prawnie:Lovela BABY mleczko do prania białych tkanin, ubranek, pieluszek dziecięcych"}], "images": ["data/images/1669802560d114c943d633185563b0d8.jpg"], "absolute_path": "Dla domu/Pranie/Proszki/Produkt 4"}
{"name": "Produkt 8", "url": "https://zakupy.biedronka.pl/persil-persil-color-proszek-do-prania-4-prania-220-g-0000018778.html", "title": "Persil Color Proszek do prania (4 prania) 220 g", "brand": "Persil", "price": "6.99 PLN", "packaging_details": "0.22kg- 31,77 zł / kg", "description_sections": [{"header": "Opis produktu", "content": "Proszek do prania Persil Deep Clean Color - Doświadcz mocy głębokiej czystości prania i higienicznej świeżości pralki. Dzięki Technologii Deep Clean płyn wnika głęboko we włókna, rozpuszczając uporczywe plamy i usuwając je. Płyn do prania Persil trafia głęboko również do elementów pralki, aby zwalczyć nieprzyjemne zapachy, pozostawiając ją czystą i higienicznie świeżą."}, {"header": "Składniki i alergeny", "content": "Składniki:5 - 15% anionowe środki powierzchniowo czynne;< 5% niejonowe środki powierzchniowo czynne, fosfoniany, polikarboksylany, zeolity, mydło;enzymy, kompozycja zapachowa"}, {"header": "Pozostałe informacje", "content": "Kraj pochodzenia:PolskaKraj pochodzenia zależy od konkretnej partii produktu jaka znajduje się w sklepie. Informację o kraju pochodzenia znajdziesz na opakowaniu. Możesz również dodać komentarz z preferowanym typem produktu w koszyku lub wiadomości dla shoppera (np. “prosze o pomidory polskie”).Nazwa wymagana prawnie:Proszek do prania tkanin kolorowych"}], "images": ["data/images/7f0afd50d7b35be8970d1f2974d662d8.jpg"], "absolute_path": "Dla domu/Pranie/Proszki/Produkt 8"}
{"name": "Produkt 5", "url": "https://zakupy.biedronka.pl/persil-persil-proszek-do-prania-tkanin-bialych-4-prania-220-g-0000018779.html", "title": "Persil Proszek do prania tkanin białych (4 prania) 220 g", "brand": "Persil", "price": "6.99 PLN", "packaging_details": "0.22kg- 31,77 zł / kg", "description_sections": [{"header": "Opis produktu", "content": "Proszek do prania białych tkanin Persil Deep Clean Universal - Doświadcz mocy głębokiej czystości prania i higienicznej świeżości pralki. Dzięki Technologii Deep Clean płyn wnika głęboko we włókna, rozpuszczając uporczywe plamy i usuwając je. Płyn do prania Persil trafia głęboko również do elementów pralki, aby zwalczyć nieprzyjemne zapachy, pozostawiając ją czystą i higienicznie świeżą."}, {"header": "Składniki i alergeny", "content": "Składniki:15 - 30% związek bielący na bazie tlenu;5 - 15% anionowe środki powierzchniowo czynne;< 5% niejonowe środki powierzchniowo czynne, zeolity, fosfoniany, polikarboksylany;enzymy, rozjaśniacz optyczny, kompozycja zapachowa."}, {"header": "Pozostałe informacje", "content": "Kraj pochodzenia:PolskaKraj pochodzenia zależy od konkretnej partii produktu jaka znajduje się w sklepie. Informację o kraju pochodzenia znajdziesz na opakowaniu. Możesz również dodać komentarz z preferowanym typem produktu w koszyku lub wiadomości dla shoppera (np. “prosze o pomidory polskie”).Producent:(P) Henkel Polska Operations Sp. z o.o.,\nul. Domaniewska 41,\n02-672 Warszawa,\nPolska\n\n(RS) Henkel Srbija d.o.o.,\nBulevar Oslobođenja 383,\n11040 Beograd,\nSerbiaNazwa wymagana prawnie:Proszek do prania tkanin białych"}], "images": ["data/images/ba6b8f2d11d2e060f5e61cef41483756.jpg"], "absolute_path": "Dla domu/Pranie/Proszki/Produkt 5"}
{"name": "Produkt 7", "url": "https://zakupy.biedronka.pl/lovela-baby-lovela-baby-hipoalergiczny-proszek-do-prania-kolorow-dla-niemowlat-13-kg-0000005244.html", "title": "Lovela Baby Hipoalergiczny proszek do prania kolorów dla niemowląt 1,3 kg", "brand": "Lovela Baby", "price": "28.89 PLN", "packaging_details": "1.3kg- 22,22 zł / kg", "description_sections": [{"header": "Opis produktu", "content": "Lovela to Hipoalergiczny proszek do prania pieluszek, bielizny niemowlęcej oraz ubranek dziecięcych.Polecany również dla osób z wrażliwą skórą, skłonnościami do alergii oraz AZS (atopowym zapaleniem skóry).Doskonały do prania ubrań całej rodziny.Dlaczego warto stosować proszek Lovela?hipoalergiczny - skład opracowany specjalnie z myślą o nawet bardzo wrażliwej skórzetestowany klinicznie - bezpieczny nawet dla noworodków już od pierwszego dnia życiaskutecznie usuwa zabrudzenianie zawiera wybielaczy optycznych i enzymównie zawiera sztucznych barwników i alergenówdobrze się wypłukujema delikatny, neutralny zapachłagodny dla skóry rąkprzeznaczony do prania zarówno w pralkach automatycznych, jak i do prania ręcznego oraz namaczania."}, {"header": "Składniki i alergeny", "content": "Składniki:15%-30%: zeolity,5%-15%: niejonowe środki powierzchniowo czynne, <5% anionowe środki powierzchniowo czynne, polikarboksylany, mydło, kompozycja zapachowa"}, {"header": "Pozostałe informacje", "content": "Kraj pochodzenia:PolskaKraj pochodzenia zależy od konkretnej partii produktu jaka znajduje się w sklepie. Informację o kraju pochodzenia znajdziesz na opakowaniu. Możesz również dodać komentarz z preferowanym typem produktu w koszyku lub wiadomości dla shoppera (np. “prosze o pomidory polskie”).Nazwa wymagana prawnie:Lovela BABY do kolorów. Proszek do prania kolorowych tkanin, ubranek i pieluszek dziecięcych"}], "images": ["data/images/a348b25b30082ff3f889dfff537747ff.jpg"], "absolute_path": "Dla domu/Pranie/Proszki/Produkt 7"}
{"name": "Produkt 3", "url": "https://zakupy.biedronka.pl/persil-persil-kapsulki-do-prania-discs-universal-20-pran-330-g-0000017055.html", "title": "Persil Kapsułki do prania Discs Universal 20 prań 330 g", "brand": "Persil", "price": "46.99 PLN", "packaging_details": "20szt.- 2,35 zł / szt", "description_sections": [{"header": "Opis produktu", "content": "Okryj Persil Deep Clean 4in1 DISCS Universal dla głębokiej czystości prania i higienicznie świeżej pralki.Silna formuła Persil Deep Clean 4w1 DISCS Universal wnika głęboko we włókna bez ich uszkodzenia i usuwa nawet najcięższe zabrudzenia, a następnie podczas wypłukiwaniajeszcze głębiej wniknąć w elementy pralki, skutecznie niwelując nieprzyjemne zapachy. Jedynie higienicznie świeża pralka zapewnia głęboka czystość prania! Nowe Persil DISCS są teraz kompaktowe i zapewniają wyjątkową wydajność z większą dbałością o środowisko dzięki zredukowanej ilości plastiku."}, {"header": "Składniki i alergeny", "content": "Składniki:15-30 % anionowe środki powierzchniowo czynneniejonowe środki powierzchniowo czynne5 - 15 % mydło< 5 % fosfonianyPozostałe składniki: enzymykompozycja zapachowaLinaloolHexyl cinnamalrozjaśniacz optyczny"}, {"header": "Pozostałe informacje", "content": "Kraj pochodzenia:SerbiaKraj pochodzenia zależy od konkretnej partii produktu jaka znajduje się w sklepie. Informację o kraju pochodzenia znajdziesz na opakowaniu. Możesz również dodać komentarz z preferowanym typem produktu w koszyku lub wiadomości dla shoppera (np. “prosze o pomidory polskie”).Dystrybutor:Jeronimo Martins Polska S.A.Żniwna 5 62-025 Kostrzyn PLImporter:Jeronimo Martins Polska S.A.Żniwna 5 62-025 Kostrzyn PLNazwa wymagana prawnie:Skoncentrowany środek w kapsułkach do prania tkanin białych w pralkach"}], "images": ["data/images/a6a348c459ceb02ba1b7db1728c96453.jpg"], "absolute_path": "Dla domu/Pranie/Kapsułki/Produkt 3"}
{"name": "Produkt 1", "url": "https://zakupy.biedronka.pl/perwoll-perwoll-renew-color-plynny-srodek-do-prania-2-l-40-pran-0000023013.html", "title": "Perwoll Renew Color Płynny środek do prania 2 l (40 prań)", "brand": "Perwoll", "price": "42.99 PLN", "packaging_details": "2l- 21,50 zł / l", "description_sections": [{"header": "Opis produktu", "content": "Perwoll ze wzmocnioną, innowacyjną formułą, zapewnia delikatne czyszczenie ubrań przy jednoczesnej ochronie kolorów i włókien. Efekty widoczne już po 10 praniach. Spraw, by Twoje ubrania wyglądały jak nowe z Perwollem. Nowe? Nie. Wyprane w Perwollu!Specjalny detergent do prania tkanin kolorowych.Subrand:Renew"}, {"header": "Składniki i alergeny", "content": "Składniki:5-15 % anionowe środki powierzchniowo czynne,<5 % niejonowe środki powierzchniowo czynne, mydło, fosfoniany,enzymy,kompozycja zapachowa (Hexyl Cinnamal, Citronellol),środki konserwujące: Benzisothiazolinone, Methylisothiazolinone"}, {"header": "Przechowywanie i sposób przygotowania", "content": "Sposób podania:Stosuj się do zaleceń producenta tekstyliów. Zalecamy stosowanie programów do prania tkanin delikatnych i wykorzystywanie nie więcej niż połowy ładowności bębna. Wstrząśnij butelkę z płynem przed użyciem."}, {"header": "Pozostałe informacje", "content": "Dystrybutor:Henkel Polska Sp. z o.o.ul. Domaniewska 41 02-672 Warszawa tel. 22 56 56 000henkel.polska@henkel.comNazwa wymagana prawnie:Perwoll Renew Color Płynny środek do prania 2 l (40 prań)"}], "images": ["data/images/b7b676d87c8924e7b3b89e14a0f88b95.jpg"], "absolute_path": "Dla domu/Pranie/Płyny do prania/Produkt 1"}
{"name": "Produkt 1", "url": "https://zakupy.biedronka.pl/vizir-vizir-kapsulki-do-prania-do-kolorow-pods-22-szt.-0000803460.html", "title": "Vizir Kapsułki do prania do kolorów PODS 22 szt.", "brand": "Vizir", "price": "36.69 PLN", "packaging_details": "22szt.- 1,67 zł / szt", "description_sections": [{"header": "Opis produktu", "content": "Kapsułki Vizir Alpine Fresh zostały opracowane z myślą o dokładnym praniu i zachowaniu żywych kolorów, nawet w zimnej wodzie i krótkich cyklach. OSTRZEŻENIE: Ten produkt może być szkodliwy i powodować poważne obrażenia. Zawsze przechowuj kapsułki do prania Vizir poza zasięgiem dzieci. Więcej informacji znajdziesz na stronie keepcapsfromkids.eu."}, {"header": "Składniki i alergeny", "content": "Składniki:>30% Anionowe Środki Powierzchniowo Czynne, 5-15% Niejonowe Środki Powierzchniowo Czynne, Mydło, <5% Fosfoniany, Enzymy, Rozjaśniacze Optyczne, Kompozycje Zapachowe, Amyl Salicylate, Rose Ketones, Tetramethyl Acetyloctahydronaphthalenes"}, {"header": "Przechowywanie i sposób przygotowania", "content": "Sposób podania:1 Umieść kapsułkę Vizir na dnie pustego bębna. 2 Umieść swoje ubrania tak, żeby kapsułka znajdowała się pod nimi."}, {"header": "Pozostałe informacje", "content": "Kraj pochodzenia:RumuniaKraj pochodzenia zależy od konkretnej partii produktu jaka znajduje się w sklepie. Informację o kraju pochodzenia znajdziesz na opakowaniu. Możesz również dodać komentarz z preferowanym typem produktu w koszyku lub wiadomości dla shoppera (np. “prosze o pomidory polskie”).Producent:Procter and Gamble DS Polska Sp. z o.o., ul. Zabraniecka 20, 03-872 Warszawa.Dystrybutor:Jeronimo Martins Polska S.A.Żniwna 5 62-025 Kostrzyn PLImporter:Jeronimo Martins Polska S.A.Żniwna 5 62-025 Kostrzyn PLNazwa wymagana prawnie:Vizir KAPSUŁKI do kolorowych tkanin Kapsułki do prania, 22 prań"}], "images": ["data/images/4ca07434b1e5ebdb22d372fb11ab5c79.jpg"], "absolute_path": "Dla domu/Pranie/Kapsułki/Produkt 1"}
{"name": "Produkt 2", "url": "https://zakupy.biedronka.pl/vizir-vizir-kapsulki-do-prania-alpine-fresh-pods-22-szt.-0000803461.html", "title": "Vizir Kapsułki do prania Alpine Fresh PODS 22 szt.", "brand": "Vizir", "price": "36.69 PLN", "packaging_details": "22szt.- 1,67 zł / szt", "description_sections": [{"header": "Opis produktu", "content": "Kapsułki Vizir Alpine Fresh zostały opracowane z myślą o dokładnym praniu, nawet w zimnej wodzie i krótkich cyklach. OSTRZEŻENIE: Ten produkt może być szkodliwy i powodować poważne obrażenia. Zawsze przechowuj kapsułki do prania Vizir poza zasięgiem dzieci. Więcej informacji znajdziesz na stronie keepcapsfromkids.eu."}, {"header": "Składniki i alergeny", "content": "Składniki:>30% Anionowe Środki Powierzchniowo Czynne, 5-15% Niejonowe Środki Powierzchniowo Czynne, <5% Fosfoniany, Mydło, Enzymy, Rozjaśniacze Optyczne, Kompozycje Zapachowe, Alpha-Isomethyl Ionone, Citronellol, Eugenol, Rose Ketones, Tetramethyl Acetyloctahydronaphthalenes"}, {"header": "Przechowywanie i sposób przygotowania", "content": "Sposób podania:1 Umieść kapsułkę Vizir na dnie pustego bębna. 2 Umieść swoje ubrania tak, żeby kapsułka znajdowała się pod nimi."}, {"header": "Pozostałe informacje", "content": "Kraj pochodzenia:RumuniaKraj pochodzenia zależy od konkretnej partii produktu jaka znajduje się w sklepie. Informację o kraju pochodzenia znajdziesz na opakowaniu. Możesz również dodać komentarz z preferowanym typem produktu w koszyku lub wiadomości dla shoppera (np. “prosze o pomidory polskie”).Producent:Procter and Gamble DS Polska Sp. z o.o., ul. Zabraniecka 20, 03-872 Warszawa.Dystrybutor:Jeronimo Martins Polska S.A.Żniwna 5 62-025 Kostrzyn PLImporter:Jeronimo Martins Polska S.A.Żniwna 5 62-025 Kostrzyn PLNazwa wymagana prawnie:Vizir Alpine Fresh PODS Kapsułki do prania, 22 prań"}], "images": ["data/images/a846e4aba4844ad9bd5c41e474c866b0.jpg"], "absolute_path": "Dla domu/Pranie/Kapsułki/Produkt 2"}
{"name": "Produkt 4", "url": "https://zakupy.biedronka.pl/persil-persil-kapsulki-do-prania-discs-color-20-pran-330-g-0000017054.html", "title": "Persil Kapsułki do prania Discs Color 20 prań 330 g", "brand": "Persil", "price": "46.99 PLN", "packaging_details": "20szt.- 2,35 zł / szt", "description_sections": [{"header": "Opis produktu", "content": "Persil Deep Clean DISCS 4w1 Color to detergent do prania kolorowych ubrań z unikalną formułą dla zachowania higienicznie świeżej pralki.Silna formuła kapsułek Persil Deep Clean DISCS 4w1 Color wnika głęboko we włókna bez ich uszkodzenia i usuwa nawet najcięższe zabrudzenia, a następnie podczas wypłukiwania jeszcze głębiej wniknąć w elementy pralki, skutecznie niwelując nieprzyjemne zapachy. Jedynie higienicznie świeża pralka zapewnia głęboka czystość prania! Nowe Persil DISCS są teraz kompaktowe i zapewniają wyjątkową wydajność z większą dbałością o środowisko dzięki zredukowanej ilości plastiku."}, {"header": "Składniki i alergeny", "content": "Składniki:15-30 % anionowe środki powierzchniowo czynne niejonowe środki powierzchniowo czynne 5 - 15 % mydło < 5 % fosfoniany Pozostałe składniki: enzymy kompozycja zapachowa Hexyl cinnamal Linalool"}, {"header": "Pozostałe informacje", "content": "Kraj pochodzenia:WęgryKraj pochodzenia zależy od konkretnej partii produktu jaka znajduje się w sklepie. Informację o kraju pochodzenia znajdziesz na opakowaniu. Możesz również dodać komentarz z preferowanym typem produktu w koszyku lub wiadomości dla shoppera (np. “prosze o pomidory polskie”).Dystrybutor:Jeronimo Martins Polska S.A.Żniwna 5 62-025 Kostrzyn PLImporter:Jeronimo Martins Polska S.A.Żniwna 5 62-025 Kostrzyn PLNazwa wymagana prawnie:Skoncentrowany środek w kapsułkach do prania tkanin kolorowych w pralkach"}], "images": ["data/images/a2cab11c9237ec2d11f0676b7624066f.jpg"], "absolute_path": "Dla domu/Pranie/Kapsułki/Produkt 4"}
{"name": "Produkt 2", "url": "https://zakupy.biedronka.pl/perwoll-perwoll-renew-black-plynny-srodek-do-prania-2-l-40-pran-0000023014.html", "title": "Perwoll Renew Black Płynny środek do prania 2 l (40 prań)", "brand": "Perwoll", "price": "42.99 PLN", "packaging_details": "2l- 21,50 zł / l", "description_sections": [{"header": "Opis produktu", "content": "Perwoll ze wzmocnioną, innowacyjną formułą, zapewnia delikatne czyszczenie ubrań przy jednoczesnej ochronie kolorów i włókien. Efekty widoczne już po 10 praniach. Spraw, by Twoje ubrania wyglądały jak nowe z Perwollem. Nowe? Nie. Wyprane w Perwollu!Specjalny detergent do prania tkanin czarnych i ciemnych.Subrand:Renew"}, {"header": "Składniki i alergeny", "content": "Składniki:5-15 % anionowe środki powierzchniowo czynne,<5 % niejonowe środki powierzchniowo czynne, mydło, fosfoniany,enzymy,kompozycja zapachowa (Citronellol),środki konserwujące: Benzisothiazolinone, Methylisothiazolinone"}, {"header": "Przechowywanie i sposób przygotowania", "content": "Sposób podania:Stosuj się do zaleceń producenta tekstyliów. Zalecamy stosowanie programów do prania tkanin delikatnych i wykorzystywanie nie więcej niż połowy ładowności bębna. Wstrząśnij butelkę z płynem przed użyciem."}, {"header": "Pozostałe informacje", "content": "Dystrybutor:Henkel Polska Sp. z o.o.ul. Domaniewska 41 02-672 Warszawa tel. 22 56 56 000henkel.polska@henkel.comNazwa wymagana prawnie:Perwoll Renew Black Płynny środek do prania 2 l (40 prań)"}], "images": ["data/images/1ede84288d0361bae70090dc4d418b2a.jpg"], "absolute_path": "Dla domu/Pranie/Płyny do prania/Produkt 2"}
{"name": "Produkt 3", "url": "https://zakupy.biedronka.pl/lovela-baby-lovela-baby--hipoalergiczny-plyn-do-prania-kolorow-dla-niemowlat-145-l-0000005243.html", "title": "Lovela Baby  Hipoalergiczny płyn do prania kolorów dla niemowląt 1,45 l", "brand": "Lovela Baby", "price": "28.89 PLN", "packaging_details": "1.45l- 22,22 zł / kg", "description_sections": [{"header": "Opis produktu", "content": "Lovela to Hipoalergiczne mleczko do prania pieluszek, bielizny oraz ubranek noworodków, niemowląt i dzieci. Polecane również dla osób z wrażliwą skórą, skłonnościami do alergii oraz AZS (atopowym zapaleniem skóry). Doskonałe do prania ubrań całej rodziny. Mleczko zostało przebadane klinicznie i posiada pozytywną opinię Instytutu Matki i Dziecka.Zalety produktu:- hipoalergiczne i delikatne- od pierwszego dnia życia- do ubranek kolorowych- przebadane dermatologicznie, testowane klinicznie- bez dodatku sztucznych barwników, alergenów i fosforanów- bezpieczne dla skóry noworodków i małych dzieci- odpowiednie dla alergików- delikatny, niedrażniący zapach- do prania automatycznego, ręcznego i namaczania."}, {"header": "Składniki i alergeny", "content": "Składniki:5-15%: anionowe srodki powierzchniowo czynne, <5%: niejonowe środki powierzchniowo czynne, fosfoniany, mydło, phenoxyethanol, iodopropynylbutylcarbamate, kompozycja zapachowa."}, {"header": "Pozostałe informacje", "content": "Kraj pochodzenia:PolskaKraj pochodzenia zależy od konkretnej partii produktu jaka znajduje się w sklepie. Informację o kraju pochodzenia znajdziesz na opakowaniu. Możesz również dodać komentarz z preferowanym typem produktu w koszyku lub wiadomości dla shoppera (np. “prosze o pomidory polskie”).Nazwa wymagana prawnie:Lovela BABY mleczko do prania kolorowych tkanin, ubranek, pieluszek dziecięcych"}], "images": ["data/images/49497622f87fd4615f271a61f5955999.jpg"], "absolute_path": "Dla domu/Pranie/Płyny do prania/Produkt 3"}
{"name": "Produkt 2", "url": "https://zakupy.biedronka.pl/silan-silan-fresh-sky-plyn-do-zmiekczania-tkanin-60-pran-1320-ml-0000010445.html", "title": "Silan Fresh Sky Płyn do zmiękczania tkanin 60 prań 1320 ml", "brand": "Silan", "price": "18.99 PLN", "packaging_details": "1.32l- 14,39 zł / l", "description_sections": [{"header": "Opis produktu", "content": "Ciesz się uczuciem świeżości dzięki pierwszym promieniom letniego słońca.Silan Fresh Moments - dla niesamowitej miękkości i długotrwałej świeżości, która utrzymuje się do 24\\7. Ciesz się intensywnym zapachem świeżości ubrań nie tylko podczas prania, ale także w trakcie noszenia, dzięki unikatowym mikrokapsułkom zapachowym, które aktywują się z każdym Twoim ruchem.Skoncentrowany płyn do zmiękczania tkanin. Efekt mikrokapsułek zapachowych: długotrwała świeżość 24h \\ 7 dni, jeżeli dozuje się zgodnie z rekomendacją."}, {"header": "Składniki i alergeny", "content": "Składniki:5-15 % kationowe środki powierzchniowo czynne,kompozycja zapachowa (Alpha-Isomethyl Ionone, Citronellol, Coumarin, Hexyl Cinnamal)"}, {"header": "Pozostałe informacje", "content": "Nazwa wymagana prawnie:Silan Fresh Sky Płyn do zmiękczania tkanin 1320 ml (60 prań)"}], "images": ["data/images/679455fe7295ea52cfa2383279dcc495.jpg"], "absolute_path": "Dla domu/Pranie/Płyny do płukania/Produkt 2"}
{"name": "Produkt 1", "url": "https://zakupy.biedronka.pl/silan-silan-morning-sun-plyn-do-zmiekczania-tkanin-60-pran-1320-ml-0000010444.html", "title": "Silan Morning Sun Płyn do zmiękczania tkanin 60 prań 1320 ml", "brand": "Silan", "price": "18.99 PLN", "packaging_details": "1.32l- 14,39 zł / l", "description_sections": [{"header": "Opis produktu", "content": "Ciesz się uczuciem świeżości dzięki pierwszym promieniom letniego słońca.Silan Fresh Moments - dla niesamowitej miękkości i długotrwałej świeżości, która utrzymuje się do 24\\7. Ciesz się intensywnym zapachem świeżości ubrań nie tylko podczas prania, ale także w trakcie noszenia, dzięki unikatowym mikrokapsułkom zapachowym, które aktywują się z każdym Twoim ruchem.Skoncentrowany płyn do zmiękczania tkanin. Efekt mikrokapsułek zapachowych: długotrwała świeżość 24 h \\ 7 dni, jeżeli dozuje się zgodnie z rekomendacją."}, {"header": "Składniki i alergeny", "content": "Składniki:5-15 % kationowe środki powierzchniowo czynne,kompozycja zapachowa (Citronellol, Hexyl Cinnamal, Limonene, Linalool)"}, {"header": "Pozostałe informacje", "content": "Nazwa wymagana prawnie:Silan Morning Sun Płyn do zmiękczania tkanin 1320 ml (60 prań)"}], "images": ["data/images/ff874d325c1d5fdfa021b4643321745a.jpg"], "absolute_path": "Dla domu/Pranie/Płyny do płukania/Produkt 1"}
{"name": "Produkt 3", "url": "https://zakupy.biedronka.pl/coccolino-coccolino-honeysuckle-and-sandalwood-plyn-do-plukania-tkanin-koncentrat-51-pran-1275-ml-0000017174.html", "title": "Coccolino Honeysuckle & Sandalwood Płyn do płukania tkanin koncentrat (51 prań) 1275 ml", "brand": "Coccolino", "price": "25.99 PLN", "packaging_details": "1.275l- 20,38 zł / l", "description_sections": [{"header": "Opis produktu", "content": "Płyn do płukania Coccolino Perfume&Care o zapachu drzewa sandałowego i kwiatu wiciokrzewu to produkt, który nie tylko pielęgnuje ubrania, nadając im wyjątkową miękkość, ale także zapewnia ich długotrwały, piękny zapach.Wyjątkowa technologia Pro-Fibre pomaga dbać o ubrania, abyś mógł się nimi cieszyć jeszcze dłużej. Dodatkowo, unikatowa formuła produktu nadaje tkaninom piękny, kwiatowo-drzewny zapach, który będzie stopniowo uwalniał się jeszcze przez długi czas po praniu. Pozwól, by aromat intrygującego połączenia drzewa sandałowego i kwiatu wiciokrzewu otoczył Cię i poprawił Twoje samopoczucie niczym najlepsze perfumy.Korzystając regularnie z płynu do płukania, a tym samym dbając o kondycję swoich ulubionych ubrań, ożywisz je i sprawisz, że staną się niesłychanie miękkie i bardzo przyjemne w dotyku. W ten sposób noszenie ich stanie się rytualną przyjemnością i będą one mogły towarzyszyć Ci na dłużej. Co więcej, płyn zmiękczający Coccolino skutecznie zmniejsza elektryzowanie się tkanin. Ten niesamowity płyn do zmiękczania tkanin wyróżnia się skoncentrowaną, wyjątkowo wydajną technologią Pro-Fibre. Dzięki niej każda kropla kryje w sobie moc wspaniałych właściwości, które pielęgnują Twoje ulubione ubrania, by mogły Ci służyć jak najdłużej. Wystarczy nawet niewielka ilość płynu, aby uzyskać pranie o niezwykłej miękkości, którą będziesz cieszyć się przez wiele dni. Płyn do płukania tkanin Perfume&Care w butelce o pojemności 1275 ml starcza na 51 prań pełnych utrzymującej się miękkości oraz długotrwałego i przyjemnego zapachu drzewa sandałowego i kwiatu wiciokrzewu."}, {"header": "Składniki i alergeny", "content": "Składniki:5-15 %: kationowe środki powierzchniowo czynne,<5 %: kompozycja zapachowa, Amyl Cinnamal, Benzyl Benzoate, Benzyl Salicylate, Citronellol, Coumarin, Hexyl Cinnamal, Limonene, Linalool, Lactic Acid, Sodium Benzoate"}, {"header": "Pozostałe informacje", "content": "Producent:UnileverAl. Jerozolimskie 134 02-305 Warszawa PLolga.motyl@unilever.comDystrybutor:Unilever Polska Sp. z o.o.Al. Jerozolimskie 134 02-305 Warszawa PolskaNazwa wymagana prawnie:Coccolino Honeysuckle & Sandalwood Płyn do płukania tkanin koncentrat 1275 ml (51 prań)"}], "images": ["data/images/548b6e7aa66cae788dbd859a16931edb.jpg", "data/images/1bda5674ddbb16a729869461db7843b1.jpg"], "absolute_path": "Dla domu/Pranie/Płyny do płukania/Produkt 3"}
{"name": "Produkt 7", "url": "https://zakupy.biedronka.pl/coccolino-coccolino-purple-orchid-and-blueberries-plyn-do-plukania-tkanin-o-zapachu-orchidei-i-czarnych-jagod-1275-ml-0000017172.html", "title": "Coccolino Purple Orchid & Blueberries Płyn do płukania tkanin o zapachu orchidei i czarnych jagód 1275 ml", "brand": "Coccolino", "price": "25.99 PLN", "packaging_details": "1.275l- 20,38 zł / l", "description_sections": [{"header": "Opis produktu", "content": "Coccolino Purple Orchid & Blueberries Płyn do płukania tkanin o zapachu orchidei i czarnych jagód 1275 ml"}, {"header": "Składniki i alergeny", "content": "Składniki:5-15%: kationowe środki powierzchniowo czynne; <5%: kompozycja zapachowa, Alpha-Isomethyl Ionone, Benzyl Benzoate, Coumarin, Limonene, Linalool, Lactic Acid, Sodium Benzoate."}, {"header": "Pozostałe informacje", "content": "Kraj pochodzenia:WęgryKraj pochodzenia zależy od konkretnej partii produktu jaka znajduje się w sklepie. Informację o kraju pochodzenia znajdziesz na opakowaniu. Możesz również dodać komentarz z preferowanym typem produktu w koszyku lub wiadomości dla shoppera (np. “prosze o pomidory polskie”).Producent:UnileverAl. Jerozolimskie 134 02-305 Warszawa PLolga.motyl@unilever.comImporter:Unilever Polska Sp. z o.o.Al. Jerozolimskie 134 02-305 Warszawa PLolga.motyl@unilever.comNazwa wymagana prawnie:Płyn do płukania tkanin - koncentrat."}], "images": ["data/images/ee41fa0981075e353020dd1b3b92d4cf.jpg"], "absolute_path": "Dla domu/Pranie/Płyny do płukania/Produkt 7"}
{"name": "Produkt 6", "url": "https://zakupy.biedronka.pl/coccolino-coccolino-passion-flower-and-bergamot-plyn-do-plukania-tkanin-koncentrat-51-pran-1275-ml-0000017173.html", "title": "Coccolino Passion Flower & Bergamot Płyn do płukania tkanin koncentrat (51 prań) 1275 ml", "brand": "Coccolino", "price": "25.99 PLN", "packaging_details": "1.275l- 20,38 zł / l", "description_sections": [{"header": "Opis produktu", "content": "Płyn do płukania Coccolino Perfume&Care o zapachu bergamotki i kwiatu passiflory to produkt, który nie tylko pielęgnuje ubrania, nadając im wyjątkową miękkość, ale także zapewnia ich długotrwałą świeżość. Wyjątkowa technologia Pro-Fibre pomaga dbać o ubrania, abyś mógł się nimi cieszyć jeszcze dłużej. Dodatkowo, unikatowa formuła produktu nadaje tkaninom piękny, kwiatowo-cytrusowy zapach, który będzie stopniowo uwalniał się jeszcze przez długi czas po praniu. Pozwól, by aromat świeżej bergamotki i passiflory otoczył Cię i poprawił Twoje samopoczucie niczym najlepsze perfumy. Korzystając regularnie z płynu do płukania o zapachu kwiatów, a tym samym dbając o kondycję swoich ulubionych ubrań, ożywisz je i sprawisz, że staną się niesłychanie miękkie i bardzo przyjemne w dotyku. W ten sposób noszenie ich stanie się rytualną przyjemnością i będą one mogły towarzyszyć Ci na dłużej. Płyn zmiękczający Coccolino ma jeszcze jedną bardzo ważną zaletę: skutecznie zmniejsza elektryzowanie się tkanin. Ten niesamowity płyn do zmiękczania tkanin wyróżnia się skoncentrowaną, wyjątkowo wydajną technologią Pro-Fibre. Dzięki niej każda kropla kryje w sobie moc odświeżających właściwości, które pielęgnują Twoje ulubione ubrania, by mogły Ci służyć jak najdłużej. Wystarczy nawet niewielka ilość płynu, aby uzyskać pranie o niezwykłej miękkości, którą będziesz cieszyć się przez wiele dni. Płyn do płukania tkanin Perfume&Care w butelce o pojemności 1275 ml starcza na 51 prań pełnych utrzymującej się miękkości, długotrwałego odświeżenia tkanin oraz przyjemnego zapachu cytrusowej bergamotki i kwiatu passiflory."}, {"header": "Składniki i alergeny", "content": "Składniki:5-15 %: kationowe środki powierzchniowo czynne,<5 %: kompozycja zapachowa, Alpha-Isomethyl Ionone, Benzyl Benzoate, Citronellol, Coumarin, Limonene, Linalool, Lactic Acid, Sodium Benzoate"}, {"header": "Pozostałe informacje", "content": "Producent:UnileverAl. Jerozolimskie 134 02-305 Warszawa PLolga.motyl@unilever.comDystrybutor:Unilever Polska Sp. z o.o.Al. Jerozolimskie 134 02-305 Warszawa PolandNazwa wymagana prawnie:Coccolino Passion Flower & Bergamot Płyn do płukania tkanin koncentrat 1275 ml (51 prań)"}], "images": ["data/images/333ab1753cccbce183e436917b6fc205.jpg", "data/images/59c354fd4ba417384f7517661e4bf80f.jpg"], "absolute_path": "Dla domu/Pranie/Płyny do płukania/Produkt 6"}
{"name": "Produkt 5", "url": "https://zakupy.biedronka.pl/eden-eden-perfumy-do-tkanin-aqua-36-pran-720-ml-0000016860.html", "title": "Eden Perfumy do tkanin Aqua 36 prań 720 ml", "brand": "Eden", "price": "12.99 PLN", "packaging_details": "0.72l- 18,04 zł / l", "description_sections": [{"header": "Opis produktu", "content": "BOOSTER ZAPACHOWY TO PŁYN DO PERFUMOWANIA ODZIEŻY W TRAKCIE PRANIA.Nowy morski wzmacniacz zapachu do tkanin. Produkt przenika przez tkaninę i utrzymuje na ubraniach wyjątkowy aromat perfum, który uwalnia się przez długi czas."}, {"header": "Składniki i alergeny", "content": "Składniki:Mniej niż 5%: Niejonowe środki powierzchniowo czynne. Zawiera: Kompozycje zapachowe, Alpha-ISOMETHYLIONONE, BENZYL SALICYLATE, BUTYLPHENYL METHYLPROPIONAL CITRONELLOL, COUMARIN, EUGENOL, HEXYL CINNAMAL, LINALOOL, Środki konserwujące, BENZISOTHIAZOLINONE."}, {"header": "Pozostałe informacje", "content": "Producent:Persán Polska S.A.Dystrybutor:Jeronimo Martins Polska S.A.Żniwna 5 62-025 KostrzynImporter:Jeronimo Martins Polska S.A.Żniwna 5 62-025 Kostrzyn PLNazwa wymagana prawnie:Perfumy do tkanin"}], "images": ["data/images/2674b6339137b91349bbc7616dfa2dab.jpg", "data/images/9a83c75d5e937cc60e2a43b5914b9279.jpg", "data/images/7d43a58b7260a788875b0bdfc25f1457.jpg", "data/images/d2672e12fa2f9284e7c429b880899b58.jpg"], "absolute_path": "Dla domu/Pranie/Płyny do płukania/Produkt 5"}
{"name": "Produkt 8", "url": "https://zakupy.biedronka.pl/silan-silan-sensitive-and-baby-plyn-do-zmiekczania-tkanin-60-pran-1320-ml-0000010446.html", "title": "Silan Sensitive & Baby Płyn do zmiękczania tkanin 60 prań 1320 ml", "brand": "Silan", "price": "18.99 PLN", "packaging_details": "1.32l- 14,39 zł / l", "description_sections": [{"header": "Opis produktu", "content": "Subtelny zapach, delikatność i ukojenie - przebadany dermatologicznie Silan Sensitive jest odpowiedni dla skóry wrażliwej, a także skłonnej do alergii. Pielęgnuje nawet najbardziej delikatną skórę. Produkt uzyskał rekomendację Europejskiego Centrum Badań nad Alergiami (ECARF) i tytuł produktu przyjaznego alergikom.Skoncentrowany płyn do zmiękczania tkanin. Rekomendowany przez Fundację Europejskiego Centrum Badań Alergii."}, {"header": "Składniki i alergeny", "content": "Składniki:5-15 % kationowe środki powierzchniowo czynne,kompozycja zapachowa"}, {"header": "Pozostałe informacje", "content": "Nazwa wymagana prawnie:Silan Sensitive & Baby Płyn do zmiękczania tkanin 1320 ml (60 prań)"}], "images": ["data/images/22f3c510d425e332d53c8e6c895b468d.jpg"], "absolute_path": "Dla domu/Pranie/Płyny do płukania/Produkt 8"}
{"name": "Produkt 4", "url": "https://zakupy.biedronka.pl/eden-eden-delicate-perfumy-do-tkanin-720-ml-0000011654.html", "title": "Eden Delicate Perfumy do tkanin 720 ml", "brand": "Eden", "price": "12.99 PLN", "packaging_details": "0.72l- 18,04 zł / l", "description_sections": [{"header": "Opis produktu", "content": "Booster zapachowy to płyn do perfumowania odzieży w trakcie prania. Nowy pudrowy wzmacniacz zapachu do tkanin. Produkt przenika przez tkaninę i utrzymuje na ubraniach wyjątkowy aromat perfum, który uwalnia się przez długi czas."}, {"header": "Składniki i alergeny", "content": "Składniki:Mniej niż 5%: Niejonowe środki powierzchniowo czynne. Zawiera: Kompozycje zapachowe (Alpha-ISOMETHYL IONONE, BENZYL SALICYLATE, BUTYLPHENYL METHYLPROPIONAL, CINNAMYL ALCOHOL, CITRAL, CITRONELLOL, COUMARIN, GERANIOL, HEXYL CINNAMAL, LIMONENE, LINALOOL), środki konserwujące (BENZISOTHIAZOLINONE)."}, {"header": "Pozostałe informacje", "content": "Producent:Persán Polska S.A.Dystrybutor:Jeronimo Martins Polska S.A.Żniwna 5 62-025 KostrzynImporter:Jeronimo Martins Polska S.A.Żniwna 5 62-025 Kostrzyn PLNazwa wymagana prawnie:Perfumy do tkanin"}], "images": ["data/images/1f739edd2ef8fdb2c943b58e34caedb1.jpg", "data/images/41cb092b324326a6e152a9ed5323d4fd.jpg", "data/images/a5a1f11ff24a286a61c97c9b9ec527b9.jpg", "data/images/4ad215ae853aa5b872ef50c468a1d32b.jpg"], "absolute_path": "Dla domu/Pranie/Płyny do płukania/Produkt 4"}
{"name": "Produkt 11", "url": "https://zakupy.biedronka.pl/lenor-lenor-plyn-do-plukania-tkanin-spring-awakening--47-pran-0000805946.html", "title": "Lenor Płyn do płukania tkanin Spring Awakening  47 prań", "brand": "Lenor", "price": "23.49 PLN", "packaging_details": "0.987l- 23,80 zł / l", "description_sections": [{"header": "Opis produktu", "content": "Płyn do płukania tkanin Lenor Spring Awakening zapewnia świeżość pościeli nawet przez 7 dni (zauważalna świeżość Lenor nawet przez tydzień). Technologia aktywnej ochrony przed nieprzyjemnymi zapachami chroni tkaniny przed nieprzyjemnym zapachem podczas ich noszenia. Użyj płynu do zmiękczania tkanin Lenor razem z płynem do prania, aby uzyskać długotrwałą świeżość.Subrand:Base"}, {"header": "Składniki i alergeny", "content": "Składniki:<5% Kationowe Środki Powierzchniowo Czynne, Kompozycje Zapachowe, Amyl Salicylate, Dimethyl Phenethyl Acetate, Pogostemon Cablin Oil, Tetramethyl Acetyloctahydronaphthalenes"}, {"header": "Przechowywanie i sposób przygotowania", "content": "Sposób podania:Dodaj Lenor do ostatniego cyklu płukania. Chronić przed bezpośrednim działaniem promieni słonecznych i przechowywać w temperaturze poniżej 25°C."}, {"header": "Pozostałe informacje", "content": "Kraj pochodzenia:CzechyKraj pochodzenia zależy od konkretnej partii produktu jaka znajduje się w sklepie. Informację o kraju pochodzenia znajdziesz na opakowaniu. Możesz również dodać komentarz z preferowanym typem produktu w koszyku lub wiadomości dla shoppera (np. “prosze o pomidory polskie”).Dystrybutor:Jeronimo Martins Polska S.A.Żniwna 5 62-025 Kostrzyn PLImporter:Jeronimo Martins Polska S.A.Żniwna 5 62-025 Kostrzyn PLNazwa wymagana prawnie:Lenor Płyn do płukania tkanin,  47 prań, Spring Awakening"}], "images": ["data/images/e9103906d1e67bc789270b817fb6f901.jpg"], "absolute_path": "Dla domu/Pranie/Płyny do płukania/Produkt 11"}
{"name": "Produkt 9", "url": "https://zakupy.biedronka.pl/silan-silan-plyn-do-zmiekczania-tkanin-fresh-control-cool-fresh-46-pran-1012-ml-0000017160.html", "title": "Silan Płyn do zmiękczania tkanin Fresh Control Cool Fresh (46 prań) 1012 ml", "brand": "Silan", "price": "14.99 PLN", "packaging_details": "1.012l- 14,81 zł / l", "description_sections": [{"header": "Opis produktu", "content": "Nowy płyn do zmiękczania tkanin Silan z formułą mikrokapsułek zapachowych. Zapewnia świeżość 24 godziny przez 7 dni w tygodniu. Ponadto formuła jest wzbogacona o Technologię Neutralizacji Nieprzyjemnych Zapachów.Innowacyjne mikrokapsułki zapachowe pękają w wyniku tarcia podczas noszenia odzieży i uwalniają zapach świeżego prania. W ten sposób każdego dnia możesz cieszyć się unikalnym zapachem świeżości."}, {"header": "Składniki i alergeny", "content": "Składniki:5 - 15 % kationowe środki powierzchniowo czynne; kompozycja zapachowa (Citronellol, Geraniol. Heksyl Cinnamal, Limonene, Linalool)."}, {"header": "Pozostałe informacje", "content": "Kraj pochodzenia:PolskaKraj pochodzenia zależy od konkretnej partii produktu jaka znajduje się w sklepie. Informację o kraju pochodzenia znajdziesz na opakowaniu. Możesz również dodać komentarz z preferowanym typem produktu w koszyku lub wiadomości dla shoppera (np. “prosze o pomidory polskie”).Producent:(AT)\nHenkel Central Eastern Europe Operations GmbH,\n1030 Wien,\nErdbergstrasse 29,\nAustria\n\n(P)\nHenkel Polska Operations Sp. z o.o.,\nul. Domaniewska 41,\n02-672 Warszawa,\nPolskaNazwa wymagana prawnie:Skoncentrowany płyn do zmiękczania tkanin"}], "images": ["data/images/0d47f09dc6a979fbe223b443dd8ade7f.jpg", "data/images/248382ec578edc644a5539c1d01af3f2.jpg", "data/images/81d20e9772c99f8a58bb3da8137f0446.jpg", "data/images/3d6ff045fdb472d5ea137fa3f59eff73.jpg"], "absolute_path": "Dla domu/Pranie/Płyny do płukania/Produkt 9"}
{"name": "Produkt 10", "url": "https://zakupy.biedronka.pl/eden-eden-floral-perfumy-do-tkanin-720-ml-0000010748.html", "title": "Eden Floral Perfumy do tkanin 720 ml", "brand": "Eden", "price": "12.99 PLN", "packaging_details": "0.72l- 18,04 zł / l", "description_sections": [{"header": "Opis produktu", "content": "Booster zapachowy to płyn do perfumowania odzieży w trakcie prania. Nowy kwiatowy wzmacniacz zapachu do tkanin. Produkt przenika przez tkaninę i utrzymuje na ubraniach wyjątkowy aromat perfum, który uwalnia się przez długi czas."}, {"header": "Składniki i alergeny", "content": "Składniki:Mniej niż 5%: Niejonowe środki powierzchniowo czynne, Kompozycje zapachowe (alpha-ISOMETHYL IONONE, BUTYLPHENYL METHYLPROPIONAL, CITRONELLOL, COUMARIN, EUGENOL, HEXYL CINNAMAL, HYDROXYCITRONELLAL, LINALOOL), Środki konserwujące (BENZISOTHIAZOLINONE)."}, {"header": "Pozostałe informacje", "content": "Producent:Persán Polska S.A.Dystrybutor:Jeronimo Martins Polska S.A.Żniwna 5 62-025 KostrzynImporter:Jeronimo Martins Polska S.A.Żniwna 5 62-025 Kostrzyn PLNazwa wymagana prawnie:Perfumy do tkanin"}], "images": ["data/images/2330c6aacde74870c6dd3adb74ec2c39.jpg", "data/images/57b19066e02cc2acd34c5a35b98f6b8f.jpg", "data/images/2f9113967ed19f21fe564b9f3e1af565.jpg", "data/images/ae8d76a8e180812174349eadacee610c.jpg"], "absolute_path": "Dla domu/Pranie/Płyny do płukania/Produkt 10"}
{"name": "Produkt 12", "url": "https://zakupy.biedronka.pl/silan-silan-plyn-do-zmiekczania-tkanin-aromatherapy-fascinating-frangipani-46-prania-1012-ml-0000017148.html", "title": "Silan Płyn do zmiękczania tkanin Aromatherapy Fascinating Frangipani (46 prania) 1012 ml", "brand": "Silan", "price": "14.99 PLN", "packaging_details": "1.012l- 14,81 zł / l", "description_sections": [{"header": "Opis produktu", "content": "Skoncentrowany płyn do zmiękczania tkanin. Efekt mikrokapsułek zapachowych: długotrwała świeżość 24h\\7 dni, jeżeli dozuje się zgodnie z rekomendacją.Subrand:Aromatherapy"}, {"header": "Składniki i alergeny", "content": "Składniki:5-15 % kationowe środki powierzchniowo czynne,kompozycja zapachowa (Coumarin, Hexyl Cinnamal, Linalool)"}, {"header": "Pozostałe informacje", "content": "Producent:(AT)\nHenkel Central Eastern Europe Operations GmbH,\n1030 Wien,\nErdbergstrasse 29,\nAustria\n\n(P)\nHenkel Polska Operations Sp. z o.o.,\nul. Domaniewska 41,\n02-672 Warszawa,\nPolskaDystrybutor:Henkel Polska Sp. z o.o.ul. Domaniewska 41 02-672 Warszawahenkel.polska@henkel.comNazwa wymagana prawnie:Silan Aromatherapy Fascinating Frangipani Płyn do zmiękczania tkanin 1012 ml (46 prania)"}], "images": ["data/images/d55968880bc0d9e8e3e784038889c60a.jpg", "data/images/a6f28f36ca036675d6cab00a70ce320b.jpg", "data/images/b94a2571488eeb7fb1351f630a02f90f.jpg", "data/images/edb8c87ffa88e7dd50036d28223e299b.jpg"], "absolute_path": "Dla domu/Pranie/Płyny do płukania/Produkt 12"}
{"name": "Produkt 13", "url": "https://zakupy.biedronka.pl/coccolino-coccolino-plyn-do-plukania-tkanin-o-zapachu-zoltych-letnich-kwiatow-happy-yellow-1450-ml-0000014693.html", "title": "Coccolino Płyn do płukania tkanin o zapachu żółtych letnich kwiatów Happy Yellow 1450 ml", "brand": "Coccolino", "price": "19.99 PLN", "packaging_details": "1.45l- 13,79 zł / l", "description_sections": [{"header": "Opis produktu", "content": "Coccolino Happy Yellow Płyn do płukania tkanin o zapachu żółtych letnich kwiatów 1450 ml"}, {"header": "Składniki i alergeny", "content": "Składniki:5-15%: kationowe środki powierzchniowo czynne; <5%: kompozycja zapachowa, Benzyl Salicylate, Hexyl Cinnamal, Limonene, Lactic Acid, Sodium Benzoate."}, {"header": "Pozostałe informacje", "content": "Kraj pochodzenia:WęgryKraj pochodzenia zależy od konkretnej partii produktu jaka znajduje się w sklepie. Informację o kraju pochodzenia znajdziesz na opakowaniu. Możesz również dodać komentarz z preferowanym typem produktu w koszyku lub wiadomości dla shoppera (np. “prosze o pomidory polskie”).Nazwa wymagana prawnie:Płyn do płukania tkanin - koncentrat."}], "images": ["data/images/73facf78d91f9e56d6f42b099f6939af.jpg"], "absolute_path": "Dla domu/Pranie/Płyny do płukania/Produkt 13"}
{"name": "Produkt 14", "url": "https://zakupy.biedronka.pl/coccolino-coccolino-plyn%C2%A0do%C2%A0plukania%C2%A0tkanin-o%C2%A0zapachu%C2%A0wiosennych%C2%A0kwiatow-blue-splash%C2%A01450-ml-0000014695.html", "title": "Coccolino Płyn do płukania tkanin o zapachu wiosennych kwiatów Blue Splash 1450 ml", "brand": "Coccolino", "price": "19.99 PLN", "packaging_details": "1.45l- 13,79 zł / l", "description_sections": [{"header": "Opis produktu", "content": "Coccolino Blue Splash Płyn do płukania tkanin o zapachu wiosennych kwiatów 1450 ml"}, {"header": "Składniki i alergeny", "content": "Składniki:5-15%: kationowe środki powierzchniowo czynne; <5%: kompozycja zapachowa, Citronellol, Eugenol, Hexyl Cinnamal, Limonene, Lactic Acid, Sodium Benzoate."}, {"header": "Pozostałe informacje", "content": "Kraj pochodzenia:WęgryKraj pochodzenia zależy od konkretnej partii produktu jaka znajduje się w sklepie. Informację o kraju pochodzenia znajdziesz na opakowaniu. Możesz również dodać komentarz z preferowanym typem produktu w koszyku lub wiadomości dla shoppera (np. “prosze o pomidory polskie”).Nazwa wymagana prawnie:Płyn do prania tkanin - koncentrat."}], "images": ["data/images/84bfdf4d2ecbf8ed0e7e7455e8b64c3d.jpg"], "absolute_path": "Dla domu/Pranie/Płyny do płukania/Produkt 14"}
{"name": "Produkt 1", "url": "https://zakupy.biedronka.pl/vanish-vanish-odplamiacz-w-plynie-do-tkanin-bialych-multi-action-white-1-l-0000001590.html", "title": "Vanish Odplamiacz w płynie do tkanin białych Multi Action White 1 l", "brand": "Vanish", "price": "21.99 PLN", "packaging_details": "1l- 23,39 zł / l", "description_sections": [{"header": "Opis produktu", "content": "Nowa formuła odplamiacza Vanish Oxi Action White zwalcza wszystkie rodzaje plam - od tych najbardziej rzucających się w oczy, po te niemal niewidoczne. Vanish usuwa tłuste plamy, plamy z wina, plamy z potu, plamy z błota, plamy z czekolady, plamy z herbaty, plamy z kawy, plamy z trawy, plamy z soku, plamy z oleju oraz zaschnięte plamy.Zero plam już po pierwszym praniu oraz krystaliczna biel!Najlepszy rezultat uzyskasz stosując płyn Vanish Oxi Action na świeżą plamę.Cechy produktu:- Likwiduje wszelkie plamy;- Aktywnie działa na brud;- Zawiera cząsteczki tlenu;- Nie niszczy tkanin;- Nawet 10 odcieni bielsze tkaniny- Vanish Oxi Action Krystaliczna Biel usuwa plamy i sprawia, że białe tkaniny stają się jeszcze bielsze już po pierwszym praniu!Dodaj jedną miarkę płynu Vanish do każdego prania, a rezultaty Cię zaskoczą!"}, {"header": "Składniki i alergeny", "content": "Składniki:Skład:5 - 15 % : Związki wybielające na bazie tlenu, Niejonowe środki powierzchniowo czynne.< 5 % : Anionowe środki powierzchniowo czynne, Rozjaśniacze optyczne, Kompozycjazapachowa."}, {"header": "Pozostałe informacje", "content": "Kraj pochodzenia:PolskaKraj pochodzenia zależy od konkretnej partii produktu jaka znajduje się w sklepie. Informację o kraju pochodzenia znajdziesz na opakowaniu. Możesz również dodać komentarz z preferowanym typem produktu w koszyku lub wiadomości dla shoppera (np. “prosze o pomidory polskie”).Producent:Podmiot odpowiedzialny\nRB (Hygiene Home) Poland Sp. z o.o.,\nul. Okunin 1,\n05-100 Nowy Dwór Mazowiecki\nconsumercare@reckitt.com\n+48 22 211 26 94Importer:RB (Hygiene Home) Poland Sp. z o.o.Okunin 1 05-100 Nowy Dwór Mazowiecki PLConsumerCare_PL@reckitt.comNazwa wymagana prawnie:Vanish Oxi Action White odplamiacz do białych tkanin w płynie"}], "images": ["data/images/ea8275bc517cd2283a7c38b8670ead19.jpg"], "absolute_path": "Dla domu/Pranie/Odplamiacze/Produkt 1"}
{"name": "Produkt 16", "url": "https://zakupy.biedronka.pl/coccolino-coccolino-plyn-do-plukania-tkanin-koncentrat--sensitive-and-soft-1450-ml-0000014694.html", "title": "Coccolino Płyn do płukania tkanin koncentrat  Sensitive & Soft 1450 ml", "brand": "Coccolino", "price": "19.99 PLN", "packaging_details": "1.45l- 13,79 zł / l", "description_sections": [{"header": "Składniki i alergeny", "content": "Składniki:5-15 %: kationowe środki powierzchniowo czynne,<5 %: kompozycja zapachowa, Lactic Acid, Sodium Benzoate"}, {"header": "Pozostałe informacje", "content": "Nazwa wymagana prawnie:Coccolino Sensitive & Soft Płyn do płukania tkanin koncentrat 1450 ml (58 prań)"}], "images": ["data/images/aa2719372b58aa1bc790c8882a41f486.jpg"], "absolute_path": "Dla domu/Pranie/Płyny do płukania/Produkt 16"}
{"name": "Produkt 17", "url": "https://zakupy.biedronka.pl/silan-silan-plyn-do-zmiekczania-tkanin-aromatherapy-fascinating-jungle-46-pran-1012-ml-0000017155.html", "title": "Silan Płyn do zmiękczania tkanin Aromatherapy Fascinating Jungle (46 prań) 1012 ml", "brand": "Silan", "price": "14.99 PLN", "packaging_details": "1.012l- 14,81 zł / l", "description_sections": [{"header": "Opis produktu", "content": "Udaj się swoimi zmysłami w podróż do fascynującej dżungli. Silan aromatherapy - dla niesamowitej miękkości i długotrwałego zapachu, który utrzymuje się 24\\7. Ciesz się intensywnym zapachem ubrań nie tylko podczas prania, ale także w trakcie noszenia, dzięki unikatowym mikrokapsułkom zapachowym, które aktywują się z każdym Twoim ruchem.Skoncentrowany płyn do zmiękczania tkanin. Efekt mikrokapsułek zapachowych: długotrwała świeżość 24 h\\7 dni, jeżeli dozuje się zgodnie z rekomendacją.Subrand:Aromatherapy"}, {"header": "Składniki i alergeny", "content": "Składniki:5-15 % kationowe środki powierzchniowo czynne,kompozycja zapachowa (Alpha-Isomethyl Ionone, Benzyl Salicylate, Citronellol, Hexyl Cinnamal, Limonene, Linaldol)"}, {"header": "Pozostałe informacje", "content": "Producent:(AT)\nHenkel Central Eastern Europe Operations GmbH,\n1030 Wien,\nErdbergstrasse 29,\nAustria\n\n(P)\nHenkel Polska Operations Sp. z o.o.,\nul. Domaniewska 41,\n02-672 Warszawa,\nPolskaDystrybutor:Henkel Polska Sp. z o.o.ul. Domaniewska 41 02-672 Warszawahenkel.polska@henkel.comNazwa wymagana prawnie:Silan Aromatherapy Fascinating Jungle Płyn do zmiękczania tkanin 1012 ml (46 prań)"}], "images": ["data/images/50912ce603af1520f296d09d05efc844.jpg", "data/images/61f84bbb98cd856063424d23b248ab7c.jpg", "data/images/8b7d21f472a0b9ce86fb05ad9d41f9a8.jpg", "data/images/141f8e73affc74b61c2836cb1ee4908b.jpg"], "absolute_path": "Dla domu/Pranie/Płyny do płukania/Produkt 17"}
{"name": "Produkt 15", "url": "https://zakupy.biedronka.pl/silan-silan-plyn-do-zmiekczania-tkanin-aromatherapy-magic-magnolia-46-pran-1012-ml-0000017156.html", "title": "Silan Płyn do zmiękczania tkanin Aromatherapy Magic Magnolia (46 prań) 1012 ml", "brand": "Silan", "price": "14.99 PLN", "packaging_details": "1.012l- 14,81 zł / l", "description_sections": [{"header": "Opis produktu", "content": "Rozkoszuj się urokiem lotosu. Silan aromatherapy – dla niesamowitej miękkości i długotrwałego zapachu, który utrzymuje się 24\\7. Ciesz się intensywnym zapachem ubrań nie tylko podczas prania, ale także w trakcie noszenia, dzięki unikatowym mikrokapsułkom zapachowym, które aktywują się z każdym Twoim ruchem."}, {"header": "Składniki i alergeny", "content": "Składniki:5 - 15 % kationowe środki powierzchniowo czynne, kompozycja zapachowa ( Alpha-isomethyl ionon, Coumarin, Hexyl Cinnamal)"}, {"header": "Pozostałe informacje", "content": "Kraj pochodzenia:PolskaKraj pochodzenia zależy od konkretnej partii produktu jaka znajduje się w sklepie. Informację o kraju pochodzenia znajdziesz na opakowaniu. Możesz również dodać komentarz z preferowanym typem produktu w koszyku lub wiadomości dla shoppera (np. “prosze o pomidory polskie”).Dystrybutor:Henkel Polska Sp. z o.o.ul. Domaniewska 41 02-672 Warszawa tel. 22 56 56 000consumerservice.pl@henkel.comNazwa wymagana prawnie:Skoncentrowany płyn do zmiękczania tkanin"}], "images": ["data/images/c1825cd5d93abbfa74c0a1d6acf50e8a.jpg", "data/images/e1e79ce78c7bcecc44e6c19622acfa11.jpg", "data/images/7249656f2233b8d26cfc0d89fc0fe699.jpg", "data/images/649f59cd28c1b756471f2a0b0d6efd5f.jpg"], "absolute_path": "Dla domu/Pranie/Płyny do płukania/Produkt 15"}
{"name": "Produkt 4", "url": "https://zakupy.biedronka.pl/dr.-beckmann-dr.-beckmann-odplamiacz-ze-szczoteczka-250-ml-0000013576.html", "title": "Dr. Beckmann Odplamiacz ze szczoteczką 250 ml", "brand": "Dr. Beckmann", "price": "11.49 PLN", "packaging_details": "0.25l- 45,96 zł / l", "description_sections": [{"header": "Opis produktu", "content": "Odplamiacz ze szczoteczkąSilna formuła 3 x Active to specjalna kombinacja środków czyszczących, aktywatorów rozpuszczających plamy i bioalkoholu, do usuwania uporczywych plam. Aplikator w formie szczoteczki pomaga optymalnie rozprowadzić formułę i ma efekt liftingu plamy. Nie zawiera perfum, barwników i wybielaczy, które mogłyby wywołać reakcje alergiczne. Łagodny dla kolorów i tekstyliów.Usuwa uporczywe plamy z oleju i tłuszczu, sosów, czekolady, makijażu, szminki, żywności dla niemowląt, plamy z owoców i warzyw, czerwonego wina, kawy, herbaty itp. Idealny do usuwania plam z kołnierzyków i mankietów."}, {"header": "Składniki i alergeny", "content": "Składniki:Zawiera: niejonowe środki powierzchniowo czynne (5-< 15 %), anionowe środki powierzchniowo czynne (< 5 %), amfoteryczne środki powierzchniowo czynne (<5%), mydło (< 5 %), środki konserwujące (Phenoxyethanol, Sodium Pyrithione, Potassium Sorbate)"}, {"header": "Pozostałe informacje", "content": "Producent:delta pronatura\nKurt-Schumacher-Ring 15-17,\n63329 Egelsbach,\nNiemcy\n+49 (0) 6103 40450,\nwww.delta-pronatura.deDystrybutor:Werner & Mertz Delta Polska Sp. z o.o.ul. Londyńska 4/3 03-921 Warszawa Tel. 22 241 19 72Nazwa wymagana prawnie:Dr. Beckmann Odplamiacz ze szczoteczką 250 ml"}], "images": ["data/images/902c445d7d4ea6d388215773f1212590.jpg"], "absolute_path": "Dla domu/Pranie/Odplamiacze/Produkt 4"}
{"name": "Produkt 2", "url": "https://zakupy.biedronka.pl/vanish-vanish-odplamiacz-w-plynie-do-tkanin-kolorowych-multi-action-pink-1-l-0000001592.html", "title": "Vanish Odplamiacz w płynie do tkanin kolorowych Multi Action Pink 1 l", "brand": "Vanish", "price": "21.99 PLN", "packaging_details": "1l- 23,39 zł / l", "description_sections": [{"header": "Opis produktu", "content": "Czy kiedykolwiek zdarzyło Ci się ze smutkiem pożegnać ulubione ubranie z powodu uporczywej plamy? Płyn odplamiający Vanish pomoże Ci temu zapobiec. Nowa formuła bezchlorowego płynu Vanish wzmacnia efekty prania i pomaga przedłużać życie Twoich ubrań! Działa niezawodnie również w niższych temperatury i krótszych cyklach prania. Uporczywe plamy? Zastosuj najskuteczniejszy odplamiacz i pozbądź się ich bez trudu. Dodawaj Vanish do każdego prania!Nowa formuła odplamiacza Vanish Oxi Action Pink zwalcza wszystkie rodzaje plam - od tych najbardziej rzucających się w oczy, po te niemal niewidoczne. Vanish usuwa tłuste plamy, plamy z wina, plamy z potu, plamy z błota, plamy z czekolady, plamy z herbaty, plamy z kawy, plamy z trawy, plamy z soku, plamy z oleju oraz zaschnięte plamy.Zero plam już po pierwszym praniu oraz krystaliczna biel!Najlepszy rezultat uzyskasz stosując płyn Vanish Oxi Action na świeżą plamę.Cechy produktu:- Likwiduje wszelkie plamy;- Aktywnie działa na brud;- Zawiera cząsteczki tlenu;- Nie niszczy tkanin;- Zdumiewające usuwanie plam już w 1 praniu;- Skuteczność już w 30°C."}, {"header": "Składniki i alergeny", "content": "Składniki:Skład:5 - 15 % : Związki wybielające na bazie tlenu, Niejonowe środki powierzchniowo czynne.< 5 % : Anionowe środki powierzchniowo czynne, Kompozycja zapachowa."}, {"header": "Pozostałe informacje", "content": "Kraj pochodzenia:PolskaKraj pochodzenia zależy od konkretnej partii produktu jaka znajduje się w sklepie. Informację o kraju pochodzenia znajdziesz na opakowaniu. Możesz również dodać komentarz z preferowanym typem produktu w koszyku lub wiadomości dla shoppera (np. “prosze o pomidory polskie”).Producent:Podmiot odpowiedzialny\nRB (Hygiene Home) Poland Sp. z o.o.,\nul. Okunin 1,\n05-100 Nowy Dwór Mazowiecki\nconsumercare@reckitt.com\n+48 22 211 26 94Importer:RB (Hygiene Home) Poland Sp. z o.o.Okunin 1 05-100 Nowy Dwór Mazowiecki PLConsumerCare_PL@reckitt.comNazwa wymagana prawnie:Vanish Oxi Action Pink odplamiacz do tkanin w płynie"}], "images": ["data/images/8e63fef0a17a1130256f39d2b4e1e0e0.jpg"], "absolute_path": "Dla domu/Pranie/Odplamiacze/Produkt 2"}
{"name": "Produkt 5", "url": "https://zakupy.biedronka.pl/vanish-vanish-gold-powergel-odplamiacz-w-zelu-200-ml-0000013002.html", "title": "Vanish Gold Powergel Odplamiacz w Żelu 200 ml", "brand": "Vanish", "price": "22.99 PLN", "packaging_details": "0.2l- 114,95 zł / l", "description_sections": [{"header": "Opis produktu", "content": "Z odplamiaczem do tkanin w żelu Vanish PowerGel nie musisz się już martwić o trudne i zaschnięte plamy. Dzięki innowacyjnej końcówce do pocierania możesz szybko usuwać plamy w trudno dostępnych miejscach, takich jak mankiety i kołnierze oraz usuwać zabrudzenia ukryte głęboko we włóknach tkaniny. Można go stosować do kolorowych i białych tkanin noszonych na co dzień i wykonanych, np. z bawełny i poliestru.KORZYŚCI- Usuwanie plam nawet w 30 sekund* — doskonały produkt dla osób z napiętym grafikiem- Specjalnie opracowana końcówka do pocierania w celu łatwego i precyzyjnego nanoszenia- Nasz najlepszy żel do wstępnego czyszczenia i usuwania nawet najbardziej uporczywych plam*niektóre plamy są usuwane w ciągu 30 sekundSPOSÓB UŻYCIA1. Obróć końcówkę do pocierania, aby ją otworzyć.2. Wyciśnij żel na plamę i pocieraj okrężnym ruchem.3. Pozostaw żel na maksymalnie 5 minut.4. Wypierz ubranie tak jak zwykle.W razie wątpliwości przed zastosowaniem przetestuj na małej, niewidocznej powierzchni. Zawsze postępuj zgodnie z instrukcjami podanymi z tyłu opakowania.;Niebezpieczeństwo. Zawiera Alkohole, C12-16, oksyetylenowane, Kwas siarkowy, mono-C12-14- alkilowe estry, sole sodowe. Powoduje poważne uszkodzenie oczu. Chronić przed dziećmi. W razie konieczności zasięgnięcia porady lekarza, należy pokazać pojemnik lub etykietę. Stosować ochronę oczu. Dokładnie umyć ręce po użyciu. W PRZYPADKU DOSTANIA SIĘ DO OCZU: Ostrożnie płukać wodą przez kilka minut. Wyjąć soczewki kontaktowe, jeżeli są i można je łatwo usunąć. Nadal płukać. Natychmiast skontaktować się z OŚRODKIEM ZATRUĆ\\lekarzem. W PRZYPADKU POŁKNIĘCIA: W przypadku złego samopoczucia skontaktować się z OŚRODKIEM ZATRUĆ\\lekarzem. Umyć ręce po użyciu. Nie kierować w stronę oczu podczas ściskania pojemnika. Nie wprowadzac na noszoną odzież. Zawartość\\pojemnik usuwać do odpowiednio oznakowanych kontenerów zgodnie z lokalnymi, regionalnymi, krajowymi i międzynarodowymi przepisami. UFI: J563-H0UV-3006-UXNR"}, {"header": "Składniki i alergeny", "content": "Składniki:Aqua, C12-14 PARETH-7, Sulfuric acid, mono-C12-14-alkyl esters, sodium salts, C12-14 PARETH-3, SODIUM CITRATE, Acrylic copolymer, POTASSIUM SORBATE, PROPYLENE GLYCOL, Alcohols, C12-15, branched and linear, ethoxylated, TETRASODIUM IMINODISUCCINATE, CITRIC ACID, SUBTILISIN, Alpha-amylase, Mannanase, endo-1,4-β-"}, {"header": "Pozostałe informacje", "content": "Kraj pochodzenia:PortugaliaKraj pochodzenia zależy od konkretnej partii produktu jaka znajduje się w sklepie. Informację o kraju pochodzenia znajdziesz na opakowaniu. Możesz również dodać komentarz z preferowanym typem produktu w koszyku lub wiadomości dla shoppera (np. “prosze o pomidory polskie”).Dystrybutor:Jeronimo Martins Polska S.A.Żniwna 5 62-025 Kostrzyn PLImporter:Jeronimo Martins Polska S.A.Żniwna 5 62-025 Kostrzyn PLNazwa wymagana prawnie:Vanish Gold skoncentrowany odplamiacz w żelu"}], "images": ["data/images/ea97c16642985e956a60b3e88cd7a463.jpg"], "absolute_path": "Dla domu/Pranie/Odplamiacze/Produkt 5"}
{"name": "Produkt 6", "url": "https://zakupy.biedronka.pl/vanish-vanish-oxi-action-white-odplamiacz-do-tkanin-w-zelu-1-l-0001147855.html", "title": "Vanish Oxi Action White Odplamiacz do tkanin w żelu 1 l", "brand": "Vanish", "price": "21.99 PLN", "packaging_details": "1l- 23,39 zł / l", "description_sections": [{"header": "Opis produktu", "content": "Subrand:Oxi Action"}, {"header": "Składniki i alergeny", "content": "Składniki:5-15 %: związki wybielające na bazie tlenu, niejonowe środki powierzchniowo czynne,<5 %: anionowe środki powierzchniowo czynne, rozjaśniacze optyczne, kompozycja zapachowa"}, {"header": "Przechowywanie i sposób przygotowania", "content": "Sposób podania:Upierz: Użyj detergentu jak zwykle. Dodaj 50 ml**** na zwykłe plamy, 100 ml**** na trudne i zaschnięte plamy do każdego prania. Dla zachowania bieli jak nowej, usuwania plam i zwalczania nieprzyjemnych zapachów, działa nawet w krótkich cyklach**. ****1 nakrętka ~120 ml. Patrz na linię w nakrętce. Namocz: Dodaj 100 ml**** płynu do 4 l wody (40℃) i namaczaj białe tkaniny przez max. 6h. Dla najlepszych rezultatów potrzyj plamę przed wypłukaniem. Po namoczeniu upierz jak zwykle lub dokładnie wypłucz. Potrzyj: Nanieś płyn Vanish bezpośrednio na plamę i delikatnie wetrzyj. Pozostaw produkt w kontakcie z plamą na max. 10 min. Po użyciu, dokładnie wypłucz lub upierz jak zwykle.  Sposób użycia: - Zawsze przestrzegaj zaleceń producentów odzieży dotyczących prania. - Przed użyciem sprawdź trwałość barwnika, nanosząc produkt na niewidoczną część tkaniny, a następnie wypłucz i pozostaw do wyschnięcia. - Po praniu z dodatkiem odplamiacza Vanish lub zastosowaniu go na odzież, wysusz tkaninę z daleka od bezpośredniego źródła ciepła lub słońca. - Do wstępnego usuwania plam płynem Vanish stosuj letnią wodę. - W celu osiągnięcia najlepszych rezultatów może zaistnieć potrzeba powtórzenia procesu. - Nie używaj na tkaninach przeznaczonych do prania chemicznego. - Nie używaj na tkaninach czy dywanach ze skóry. - Nie używaj produktu bezpośrednio na metalowe części (np. guziki, zamki). - Przed płukaniem lub praniem zasadniczym nie wystawiaj tkaniny odplamianej płynem Vanish na bezpośrednie działanie ciepła lub światła słonecznego. - Nie pozwól na wyschnięcie płynu na tkaninie (maksymalny czas kontaktu 10 min). - Nie wystawiaj na bezpośrednie światło słoneczne."}, {"header": "Pozostałe informacje", "content": "Dystrybutor:RB (Hygiene Home) Poland Sp. z o.o.ul. Okunin 1 05-100 Nowy Dwór Mazowiecki Infolinia+48 22 211 26 94 (od 9 do 17)Infolinia+48 22 211 26 94Importer:Jeronimo Martins Polska S.A.Żniwna 5 62-025 Kostrzyn PLNazwa wymagana prawnie:Vanish Oxi Action White Odplamiacz do tkanin w żelu 1 l"}], "images": ["data/images/67b0889b2a4b958bf3acc9f0c476edf3.jpg"], "absolute_path": "Dla domu/Pranie/Odplamiacze/Produkt 6"}
{"name": "Produkt 3", "url": "https://zakupy.biedronka.pl/vanish-vanish-oxi-action-pink-odplamiacz-do-tkanin-w-zelu-1-l-0001147856.html", "title": "Vanish Oxi Action Pink Odplamiacz do tkanin w żelu 1 l", "brand": "Vanish", "price": "21.99 PLN", "packaging_details": "1l- 23,39 zł / l", "description_sections": [{"header": "Opis produktu", "content": "Subrand:Oxi Action"}, {"header": "Składniki i alergeny", "content": "Składniki:5-15 %: związki wybielające na bazie tlenu, niejonowe środki powierzchniowo czynne,<5 %: anionowe środki powierzchniowo czynne, kompozycja zapachowa"}, {"header": "Przechowywanie i sposób przygotowania", "content": "Sposób podania:Upierz: Użyj detergentu jak zwykle. Dodaj 50 ml*** na zwykłe plamy, 100 ml*** na trudne i zaschnięte plamy do każdego prania. Działa nawet w krótkich cyklach*. ***1 nakrętka ~ 120 ml. Patrz na linię w nakrętce. Namocz: Dodaj 100 ml*** płynu do 4 l wody (40 ℃) i namaczaj kolorowe tkaniny przez max 1 h, białe tkaniny przez max. 6 h. Dla najlepszych rezultatów potrzyj plamę przed wypłukaniem. Po namoczeniu upierz jak zwykle lub dokładnie wypłucz. Potrzyj: Nanieś płyn Vanish bezpośrednio na plamę i delikatnie wetrzyj. Pozostaw produkt w kontakcie z plamą na max. 10 min. Po użyciu, dokładnie wypłucz lub upierz jak zwykle.   Sposób użycia: - Zawsze przestrzegaj zaleceń producentów odzieży dotyczących prania. - Przed użyciem sprawdź trwałość barwnika, nanosząc produkt na niewidoczną część tkaniny, a następnie wypłucz i pozostaw do wyschnięcia. - Po praniu z dodatkiem odplamiacza Vanish lub zastosowaniu go na odzież, wysusz tkaninę z daleka od bezpośredniego źródła ciepła lub słońca. - Do wstępnego usuwania plam płynem Vanish stosuj letnią wodę. - W celu osiągnięcia najlepszych rezultatów może zaistnieć potrzeba powtórzenia procesu. - Nie używaj na tkaninach przeznaczonych do prania chemicznego. - Nie używaj na tkaninach czy dywanach ze skóry. - Nie używaj produktu bezpośrednio na metalowe części (np. guziki, zamki). - Przed płukaniem lub praniem zasadniczym nie wystawiaj tkaniny odplamianej płynem Vanish na bezpośrednie działanie ciepła lub światła słonecznego. - Nie pozwól na wyschnięcie płynu na tkaninie (maksymalny czas kontaktu 10 min). - Nie wystawiaj na bezpośrednie światło słoneczne."}, {"header": "Pozostałe informacje", "content": "Dystrybutor:RB (Hygiene Home) Poland Sp. z o.o.ul. Okunin 1 05-100 Nowy Dwór Mazowiecki Infolinia+48 22 2112694 (od 9 do 17)Infolinia+48 22 2112694Importer:Jeronimo Martins Polska S.A.Żniwna 5 62-025 Kostrzyn PLNazwa wymagana prawnie:Vanish Oxi Action Pink Odplamiacz do tkanin w żelu 1 l"}], "images": ["data/images/32f886da97405f1d22dc39ab3638fce2.jpg"], "absolute_path": "Dla domu/Pranie/Odplamiacze/Produkt 3"}
{"name": "Produkt 1", "url": "https://zakupy.biedronka.pl/ambi-pur-ambi-pur-3volution-gold-orchid-wklad-do-elektrycznego-odswiezacza-powietrza-40-ml-0000020000.html", "title": "Ambi Pur 3Volution Gold Orchid Wkład do elektrycznego odświeżacza powietrza 40 ml", "brand": "Ambi Pur", "price": "39.99 PLN", "packaging_details": "1szt.- 39,99 zł / szt", "description_sections": [{"header": "Opis produktu", "content": "Wkłady do odświeżacza powietrza Ambi Pur 3Volution z technologią OdourClear nieustannie oczyszczają powietrze z uporczywych, brzydkich zapachów, pozostawiając delikatną i świeżą woń aż do 90 dni (przy codziennym, 12-godzinnym stosowaniu na najniższym ustawieniu). Odkryj subtelność zapachu Gold Orchid - unikalnej kompozycji egzotycznych kwiatów, w której orchidee reprezentują delikatną równowagę i harmonię natury. Zakochaj się w tym pełnym wdzięku zapachu i stwórz w swoim domu błogą atmosferę spokoju. Przy zwykłych elektrycznych odświeżaczach powietrza szybko przyzwyczajamy się do otaczających nas zapachów, przez co z czasem przestajemy je czuć. Odświeżacze powietrza Ambi Pur 3Volution rozwiązują ten problem, co 45 minut automatycznie zmieniając 1 z 3 wysokiej jakości zapachów, dając efekt nieprzerwanej świeżości. Używaj wkładów Ambi Pur 3Volution tylko z urządzeniami Ambi Pur 3Volution, sprzedawanymi oddzielnie, aby wypełnić swój dom świeżością i zapachem, który będziesz czuć dzień po dniu i tydzień po tygodniu. Jeśli chcesz poczuć natychmiastową świeżość, sięgnij po pełną gamę nowych produktów Ambi Pur z wyjątkową technologią OdourClear, takich jak odświeżacze do tkanin lub odświeżacze powietrza do pomieszczeń i samochodu.Subrand:3volution"}, {"header": "Składniki i alergeny", "content": "Składniki:Linalool, Tetramethyl Acetyloctahydronaphthalenes, Limonene, Cyclamen Aldehyde, Geranyl Acetate, Linalyl Acetate, Hydroxycitronellal, Alpha-Isomethyl Ionone, Dimethyl Heptenal, Ethyl Linalool, 2,4-Dimethyl-3-Cyclohexene Carboxaldehyde, Hexyl Salicylate, Lauraldehyde, Methylenedioxyphenyl Methylpropanal, Citronellol, Heliotropine, Allyl Cyclohexylpropionate, Delta-Damascone, Rose Ketone-4, Citral, 4-Dimethylmethylenecyclohexyl-Butan-2-One, Isoeugenol, Cyclopropanecarboxylic Acid,2-Methyl-2-[(1,2,4-Trimethyl-2-Penten-1-Yl)Oxy]Propyl Ester, Coumarin, P-Anisyl Acetate, Undecylenal, Trans-2-Hexanal, Methyl Octine Carbonate"}, {"header": "Przechowywanie i sposób przygotowania", "content": "Sposób podania:Zawsze trzymaj wkład i urządzenie pionowo. Używaj tylko zgodnie z przeznaczeniem. Zdejmij zakrętki z buteleczek wkładu. Odłącz urządzenie przed umieszczeniem w nim wkładu. Podłącz urządzenie do gniazdka tak, by butelka była u dołu. Nie zakrywaj ani nie umieszczaj za zasłonami. Zostaw min. 50 cm wolnego miejsca nad wtyczką. Nie podłączaj przy użyciu przedłużaczy ani rozgałęźników. Wyjmij z gniazdka i wymień wkład, gdy jest pusty."}, {"header": "Pozostałe informacje", "content": "Kraj pochodzenia:HiszpaniaKraj pochodzenia zależy od konkretnej partii produktu jaka znajduje się w sklepie. Informację o kraju pochodzenia znajdziesz na opakowaniu. Możesz również dodać komentarz z preferowanym typem produktu w koszyku lub wiadomości dla shoppera (np. “prosze o pomidory polskie”).Producent:Procter & Gamble DCE BV Belgium Distr. Div., Temselaan 100, B-1853 Strombeek-Bever, BelgiumImporter:https//www.info-pg.com/Nazwa wymagana prawnie:Ambi Pur 3Volution Gold Orchid Wkład do elektrycznego odświeżacza powietrza 40ml"}], "images": ["data/images/1f277804431dbe943c79711fe04b9e1d.jpg"], "absolute_path": "Dla domu/Domowy niezbędnik/Odświeżacze/Produkt 1"}
{"name": "Produkt 4", "url": "https://zakupy.biedronka.pl/bryza-bryza-plyn-do-czyszczenia-pralki-lemon-250-ml-0000015498.html", "title": "Bryza Płyn do czyszczenia pralki lemon 250 ml", "brand": "Bryza", "price": "14.99 PLN", "packaging_details": "0.25l- 59,96 zł / l", "description_sections": [{"header": "Opis produktu", "content": "Pomaga w utrzymaniu czystości pralki. Usuwa nieprzyjemne zapachy.Cechy produktu:- Usuwa brud- Usuwa osady- Usuwa brzydki zapach- Chroni pralkę- Czyści wewnętrzne części pralki- Ekstra świeżość- Produkt all in 1.Bryza płyn do czyszczenia pralki z unikalną formułą:Czyści i usuwa brud oraz resztki detergentów z wnętrza pralki.Utrzymuje wewnętrzne części pralki w czystości, aby zapewnić jej działanie na optymalnym poziomie.Pozostawia przyjemny zapach.Aby otrzymać najlepsze rezultaty - wykonuj poniższe czynności raz na miesiąc:1. Upewnij się, że bęben pralki jest pusty.2. Otwórz butelkę płynu Bryza do czyszczenia pralki.3. Nalej małą ilość płynu na gąbkę, a następnie przetrzyj nią szufladkę dozownika przeznaczonego na detergent.4. Wlej resztę płynu z butelki do szufladki dozownika.5. Ustaw cykl prania na 60°C.6. Po zakończonym cyklu prania usuń gąbką ewentualne resztki brudu z krawędzi wewnątrz bębna i drzwiczek pralki."}, {"header": "Pozostałe informacje", "content": "Kraj pochodzenia:PortugaliaKraj pochodzenia zależy od konkretnej partii produktu jaka znajduje się w sklepie. Informację o kraju pochodzenia znajdziesz na opakowaniu. Możesz również dodać komentarz z preferowanym typem produktu w koszyku lub wiadomości dla shoppera (np. “prosze o pomidory polskie”).Nazwa wymagana prawnie:Bryza Lanza Lemon. Płyn do czyszczenia pralki"}], "images": ["data/images/5c31d16b5d616cee33aa57b84676f470.jpg"], "absolute_path": "Dla domu/Pranie/Akcesoria do prania/Produkt 4"}
{"name": "Produkt 2", "url": "https://zakupy.biedronka.pl/dr.-beckmann-dr.-beckmann-chusteczki-do-prania-kolor-20-szt.-80-g-0000014679.html", "title": "Dr. Beckmann Chusteczki do prania kolor (20 szt.) 80 g", "brand": "Dr. Beckmann", "price": "14.99 PLN", "packaging_details": "20szt.- 0,75 zł / szt", "description_sections": [{"header": "Opis produktu", "content": "Skuteczne listki piorące, chronią kolor, a długotrwały zapach utrzymuje się nawet 7 dni! Maksymalnie lekkie i kompaktowe. W 100% rozpuszczalne w wodzie. Działają już w 20°. Idealne w podróży. Również do prania ręcznego. Dzięki kompaktowemu formatowi opakowanie zużyła ok. 80% mniej plastiku niż butelka z płynem do prania. W 100% do recyklingu."}, {"header": "Składniki i alergeny", "content": "Składniki:≥30% anionowe środki powierzchniowo czynne; ≥5-<15% niejonowe środki powierzchniowo czynne. Enzymy BENZISOTHAZOLINE, OCTYLISOTHIAZOLINONE, kompozycje zapachowe, LINALOOL, ALPHA-ISOMETHYL IONONE, CITRONELLOL, BENZYL SALICYLATE, HEXYL CINNAMAL"}, {"header": "Pozostałe informacje", "content": "Kraj pochodzenia:NiemcyKraj pochodzenia zależy od konkretnej partii produktu jaka znajduje się w sklepie. Informację o kraju pochodzenia znajdziesz na opakowaniu. Możesz również dodać komentarz z preferowanym typem produktu w koszyku lub wiadomości dla shoppera (np. “prosze o pomidory polskie”).Importer:Werner & Mertz Delta Polska Sp. z o.o.Londyńska 4/3 03-921 Warszawa PLbiuro@wmdp.plNazwa wymagana prawnie:Magic Leaves Listki Piorące Fresh Blossom - Kolor"}], "images": ["data/images/23b8151aa9c3fb8717a6f95b485b444f.jpg"], "absolute_path": "Dla domu/Pranie/Akcesoria do prania/Produkt 2"}
{"name": "Produkt 1", "url": "https://zakupy.biedronka.pl/oxy-oxy-spotless-chusteczki-chroniace-przed-zafarbowaniem-color-25-szt.-0000007912.html", "title": "Oxy Spotless Chusteczki chroniące przed zafarbowaniem Color 25 szt.", "brand": "Oxy", "price": "6.99 PLN", "packaging_details": "25szt.- 0,28 zł / szt", "description_sections": [{"header": "Opis produktu", "content": "Dzięki innowacyjnym chusteczkom wyłapującym kolor unikniesz problemów zafarbowanych ubrań. Chusteczki chłoną barwniki, które przedostają się do wody dzięki czemu zapobiegają przechodzeniu kolorów pomiędzy pranymi rzeczami. Nie musisz się więcej martwić o pranie w pralce ulubionych ubrań!"}, {"header": "Pozostałe informacje", "content": "Kraj pochodzenia:ChinyKraj pochodzenia zależy od konkretnej partii produktu jaka znajduje się w sklepie. Informację o kraju pochodzenia znajdziesz na opakowaniu. Możesz również dodać komentarz z preferowanym typem produktu w koszyku lub wiadomości dla shoppera (np. “prosze o pomidory polskie”).Dystrybutor:Jeronimo Martins Polska S.A.Żniwna 5 62-025 KostrzynNazwa wymagana prawnie:Chusteczki chroniące przed zafarbowaniem"}], "images": ["data/images/b24ff366b583798d735e70cda45cca0b.jpg", "data/images/c8cd906faa8454329963382cd90572bb.jpg"], "absolute_path": "Dla domu/Pranie/Akcesoria do prania/Produkt 1"}
{"name": "Produkt 3", "url": "https://zakupy.biedronka.pl/bryza-bryza-lanza-plyn-do-czyszczenia-pralki-lemon-250-ml-0000012919.html", "title": "Bryza Lanza Płyn do czyszczenia pralki lemon 250 ml", "brand": "Bryza", "price": "14.99 PLN", "packaging_details": "0.25l- 59,96 zł / l", "description_sections": [{"header": "Opis produktu", "content": "Bryza Lanza 250 ml płyn do czyszczenia pralek. Pomaga w utrzymaniu czystości pralki. Usuwa nieprzyjemne zapachy."}, {"header": "Pozostałe informacje", "content": "Kraj pochodzenia:PortugaliaKraj pochodzenia zależy od konkretnej partii produktu jaka znajduje się w sklepie. Informację o kraju pochodzenia znajdziesz na opakowaniu. Możesz również dodać komentarz z preferowanym typem produktu w koszyku lub wiadomości dla shoppera (np. “prosze o pomidory polskie”).Producent:RB (Hygiene Home) Poland Sp. z o.o.Okunin 1 05-100 Nowy Dwór Mazowiecki PLconsumercare@reckitt.comImporter:RB (Hygiene Home) Poland Sp. z o.o.Okunin 1 05-100 Nowy Dwór Mazowiecki PLconsumercare@reckitt.comNazwa wymagana prawnie:Bryza Lanza płyn 250ml do czyszczenia pralki Lemon"}], "images": ["data/images/5c3d4d03759a2ed5ca260317381ec7ed.jpg", "data/images/a40dd44528ec6e920f93856a714299fe.jpg"], "absolute_path": "Dla domu/Pranie/Akcesoria do prania/Produkt 3"}
{"name": "Produkt 2", "url": "https://zakupy.biedronka.pl/air-wick-air-wick-elektryczny-odswiezacz-powietrza-biale-kwiaty-wklad-19-ml-0000009870.html", "title": "Air Wick Elektryczny odświeżacz powietrza białe kwiaty wkład 19 ml", "brand": "Air Wick", "price": "19.99 PLN", "packaging_details": "0.019l- 1.052,11 zł / l", "description_sections": [{"header": "Opis produktu", "content": "Wkład do elektrycznego odświeżacza powietrza Air Wick wkładasz do urządzenia i możesz cieszyć się swoim ulubionym zapachem nawet przez 120 dni. Produkt skutecznie eliminuje nieprzyjemne aromaty i unosi się w powietrzu przez długi czas. Intensywność zapachu ma aż 5 poziomów, które możesz dowolnie zmieniać przez cały czas działania urządzenia.Cechy produktu:- Zapach: Białe Kwiaty- Neutralizuje nieprzyjemne zapachy- Zapewnia nawet 120 dni zapachu- Ma 5 poziomów intensywności zapachu."}, {"header": "Pozostałe informacje", "content": "Kraj pochodzenia:WęgryKraj pochodzenia zależy od konkretnej partii produktu jaka znajduje się w sklepie. Informację o kraju pochodzenia znajdziesz na opakowaniu. Możesz również dodać komentarz z preferowanym typem produktu w koszyku lub wiadomości dla shoppera (np. “prosze o pomidory polskie”).Producent:Podmiot odpowiedzialny\nRB (Hygiene Home) Poland Sp. z o.o., \nul. Okunin 1,\n05-100 Nowy Dwór Mazowiecki \nconsumercare@reckitt.com\n+48 22 211 26 94Importer:RB (Hygiene Home) Poland Sp. z o.o.Okunin 1 05-100 Nowy Dwór Mazowiecki PLConsumerCare_PL@reckitt.comNazwa wymagana prawnie:Air Wick elektryczny odświeżacz powietrza o zapachu Białych kwiatów"}], "images": ["data/images/cc654eabc9cb24913f93d46e75b25a72.jpg"], "absolute_path": "Dla domu/Domowy niezbędnik/Odświeżacze/Produkt 2"}
{"name": "Produkt 6", "url": "https://zakupy.biedronka.pl/air-wick-air-wick-air-spray-tropikalny-eukaliptus-and-frezjarainy-eucalyptus-and-freesia-237-ml-0000013875.html", "title": "Air Wick Air Spray Tropikalny Eukaliptus & Frezja/Rainy Eucalyptus & Freesia 237 ml", "brand": "Air Wick", "price": "16.99 PLN", "packaging_details": "0.237l- 71,69 zł / l", "description_sections": [{"header": "Opis produktu", "content": "Air Wick Air Spray Tropikalny Eukaliptus & Frezja\\Rainy Eucalyptus & Freesia 237ml• 95% składników naturalnego pochodzenia• Opatentowana technologia zwalczania brzydkich zapachów• Bezpieczny do rozpylania w powietrzu i na tkaninach• Butelka wykonana w 99% z plastiku z recyklingu• Prostszy skład, więcej naturalnych składników• Egzotyczny zapach eukaliptusa i frezji• Nadaje świeżość• Wygodny w użyciu spray• Produkt bezpieczny - nie jest aerozolemODKRYJ NOWE, PRZYJEMNE ZAPACHY WZBOGACONY O OLEJKI ETERYCZNEDaj się ponieść świeżości i przenieś się w letni, tropikalny klimat. Delikatny, relaksujący zapach produktu, wprowadzi komfort i rozluźnienie przypominające wakacyjną aurę. Odświeżacz powietrza neutralizuje z Twojej przestrzeni wszelkie niechciane aromaty, zastępując je zapachem egzotycznych wakacji. Wypełnij swój dom rześkimi nutami zapachowymi i stwórz egzotyczny klimat w domu!Nowy Air Wick spray neutralizujący brzydkie zapachy zawiera tylko składniki, których potrzebujesz, aby zneutralizować brzydkie zapachy.Stworzony z wyjątkowych molekuł, które zwalczają przykre zapachy. Zapach wzbogacony o naturalne olejki eteryczne.Neutralizujący air spray nie jest aerozolem.Butelka wykonana w 99% z plastiku z recyklingu.Design butelki z wygodnym spryskiwaczem pozwala Ci dowolnie dozować zapach i uwalniać go tak często jak lubisz. Stosuj kiedy na nowo zapragniesz poczuć świeżość w swoim domu.Odświeżacz powietrza w sprayu Air Wick nadaje się do każdego pomieszczenia. Idealnie sprawdza się w łazience i przedpokoju, ale możesz go używać również w kuchni i sypialni.Chronić przed dziećmi. W razie konieczności zasięgnięcia porady lekarza należy pokazać pojemnik lub etykietę. Zawiera Methylchloroisothiazolinone, Methylisothiazolinone. Może powodować wystąpienie reakcji alergicznej."}, {"header": "Pozostałe informacje", "content": "Kraj pochodzenia:PolskaKraj pochodzenia zależy od konkretnej partii produktu jaka znajduje się w sklepie. Informację o kraju pochodzenia znajdziesz na opakowaniu. Możesz również dodać komentarz z preferowanym typem produktu w koszyku lub wiadomości dla shoppera (np. “prosze o pomidory polskie”).Producent:Podmiot odpowiedzialny\nRB (Hygiene Home) Poland Sp. z o.o., \nul. Okunin 1,\n05-100 Nowy Dwór Mazowiecki \nconsumercare@reckitt.com\n+48 22 211 26 94Dystrybutor:RB (Hygiene Home) Poland Sp. z o.o.Okunin 1 05-100 Nowy Dwór Mazowiecki PLconsumercare@reckitt.comImporter:RB (Hygiene Home) Poland Sp. z o.o.Okunin 1 05-100 Nowy Dwór Mazowiecki PLconsumercare@reckitt.comNazwa wymagana prawnie:Air Wick Air Spray Tropikalny Eukaliptus & Frezja/Rainy Eucalyptus & Freesia 237ml"}], "images": ["data/images/c641dc770f2410c336c16b7c58516c86.jpg"], "absolute_path": "Dla domu/Domowy niezbędnik/Odświeżacze/Produkt 6"}
{"name": "Produkt 3", "url": "https://zakupy.biedronka.pl/air-wick-air-wick-elektryczny-odswiezacz-powietrza-drzewo-sandalowe-i-zmyslowa-wanilia-wklad-19-ml-0000020510.html", "title": "Air Wick Elektryczny odświeżacz powietrza drzewo sandałowe i zmysłowa wanilia wkład 19 ml", "brand": "Air Wick", "price": "19.99 PLN", "packaging_details": "0.019l- 1.052,11 zł / l", "description_sections": [{"header": "Opis produktu", "content": "Twój ulubiony koc, książka, do której ciągle wracasz, kanapa już dawno dopasowana do Ciebie. Ulubiona pora roku, ukochany miesiąc i najlepsza pora dnia. Pokój pachnie tak, jak lubisz najbardziej – wypełnia go egzotyczny luksus i kojąca wanilia. Zrelaksuj się, będzie dobrze. Zestaw Air Wick Elektryczny Drzewo Sandałowe i Zmysłowa Wanilia to wszystko, co potrzeba, aby wypełnić Twój dom ulubionym zapachem aż do 120 dni. Wystarczy włączyć do prądu i Air Wick Elektryczny Drzewo Sandałowe i Zmysłowa Wanilia, aby cieszyć się chwilą relaksu dla siebie.Zalety produktu:- zapach drzewa sandałowego i zmysłowej wanilii,- neutralizuje nieprzyjemne zapachy,- zapach wystarcza nawet na 120 dni,- 5 poziomów intensywności zapachu do wyboru,- zawiera składniki pochodzenia naturalnego,- w skład zestawu wchodzą: wtyczka oraz wkład zapachowy,- wygodny i prosty w obsłudze,- ładna, szklana buteleczka,- idealny do pokoju dziennego, salonu, łazienki oraz kuchni."}, {"header": "Pozostałe informacje", "content": "Kraj pochodzenia:WęgryKraj pochodzenia zależy od konkretnej partii produktu jaka znajduje się w sklepie. Informację o kraju pochodzenia znajdziesz na opakowaniu. Możesz również dodać komentarz z preferowanym typem produktu w koszyku lub wiadomości dla shoppera (np. “prosze o pomidory polskie”).Producent:Podmiot odpowiedzialny\nRB (Hygiene Home) Poland Sp. z o.o.,\nul. Okunin 1,\n05-100 Nowy Dwór Mazowiecki \nconsumercare@reckitt.com\n+48 22 211 26 94Importer:RB (Hygiene Home) Poland Sp. z o.o.Okunin 1 05-100 Nowy Dwór Mazowiecki PLConsumerCare_PL@reckitt.comNazwa wymagana prawnie:Air Wick elektryczny odświeżacz powietrza o zapachu Drzewa Sandałowego i Zmysłowej Wanilii"}], "images": ["data/images/82b5882af85d9e52d2307b4d4f8eda91.jpg"], "absolute_path": "Dla domu/Domowy niezbędnik/Odświeżacze/Produkt 3"}
{"name": "Produkt 4", "url": "https://zakupy.biedronka.pl/air-wick-air-wick-essential-oils-wklad-zapachowy-ksiezycowa-lilia-otulona-satyna-250-ml-0000001931.html", "title": "Air Wick Essential Oils Wkład zapachowy księżycowa lilia otulona satyną 250 ml", "brand": "Air Wick", "price": "16.99 PLN", "packaging_details": "0.25l- 67,96 zł / l", "description_sections": [{"header": "Opis produktu", "content": "Wkład do automatycznego odświeżacza powietrza Air Wick Freshmatic Księżycowa Lilia Otulona Satyną 250mlZalety automatycznego odświeżacza powietrza:• ORYGINALNY wkład do Automatycznego Odświeżacza Powietrza Freshmatic• Zapach lilii, róży, piwonii i wanilii• Neutralizuje nieprzyjemne zapachy dzięki unikatowej technologii 24\\7 Odor Stop• Uwalnia nawet 2400 dawek zapachu• Zapach wystarcza nawet na 70 dni*Delikatny dotyk satynowej pościeli. Jest lato. Można zasypiać przy otwartym oknie. Słychać kojące cykanie świerszczy i zaloty żab nad wodnym oczkiem. Ogród w pełnię księżyca wygląda tak bajkowo! Wieczorny wiaterek porusza kwiaty. Budzi zapachy naturalnych olejków - ponętnej piwonii, wytwornej róży i słodko-pikantnej wanilii. Czy pojawią się świetliki? A może jakaś zbłąkana wróżka? Wkład zapachowy Air Wick Freshmatic Księżycowa Lilia Otulona Satyną przeniesie Cię w świat snu nocy letniej i pozwoli odpocząć w relaksującym zapachu jak z bajki. Naturalne olejki eteryczne gwarantują intensywność zapachu, a możliwość regulacji pozwala na wypełnienie domu świeżością nawet do 70 dni. Wkład uwalnia nawet 2400 dawek zapachu. Wystarczy, że włożysz go do urządzenia, wybierzesz odpowiednią intensywność zapachu (jedną z trzech), ustawisz Air Wick Freshmatic w dowolnym miejscu (min. 2 metry nad ziemią) i możesz cieszyć się ulubionym aromatem.*W oparciu o najniższy poziom intensywności zapachu.Air Wick Freshmatic Księżycowa Lilia Otulona Satyną z unikalną technologią 24\\7 Odor Stop.Subrand:Essential Oils"}, {"header": "Pozostałe informacje", "content": "Kraj pochodzenia:Wielka BrytaniaKraj pochodzenia zależy od konkretnej partii produktu jaka znajduje się w sklepie. Informację o kraju pochodzenia znajdziesz na opakowaniu. Możesz również dodać komentarz z preferowanym typem produktu w koszyku lub wiadomości dla shoppera (np. “prosze o pomidory polskie”).Nazwa wymagana prawnie:Air Wick Essential Oils Wkład zapachowy księżycowa lilia otulona satyną 250 ml"}], "images": ["data/images/df3f48f8a12bc441be7cf077bf503bb1.jpg"], "absolute_path": "Dla domu/Domowy niezbędnik/Odświeżacze/Produkt 4"}
{"name": "Produkt 5", "url": "https://zakupy.biedronka.pl/air-wick-air-wick-odswiezacz-powietrza-freshmatic-drzewo-sandalowe-wklad-250-ml-0000014986.html", "title": "Air Wick Odświeżacz powietrza Freshmatic drzewo sandałowe wkład 250 ml", "brand": "Air Wick", "price": "16.99 PLN", "packaging_details": "0.25l- 67,96 zł / l", "description_sections": [{"header": "Opis produktu", "content": "Air Wick Freshmatic odświeżacz powietrza Drzewo Sandałowe i Zmysłowa WaniliaKOJĄCY I ZMYSŁOWY ZAPACH DRZEWA SANDAŁOWEGOZnasz to uczucie, kiedy wszystko jest na swoim miejscu? Sprawy załatwione, rzeczy poukładane. Możesz odetchnąć. Twoje wnętrze zasługuje na ten zapach – elegancki i kojący drzewno-balsamiczny aromat z nutą subtelnej słodyczy. To drzewo sandałowe. Każdy kto tu wejdzie, poczuje, że to miejsce, gdzie panuje spokój, porządek i dobry gustZalety produktu:- zapach ciepłej, zmysłowej wanilii- neutralizuje nieprzyjemne zapachy- uwalnia nawet 2400 dawek zapachu- zapach wystarcza nawet na 70 dni*- wygodny i prosty w obsłudze"}, {"header": "Pozostałe informacje", "content": "Kraj pochodzenia:AngliaKraj pochodzenia zależy od konkretnej partii produktu jaka znajduje się w sklepie. Informację o kraju pochodzenia znajdziesz na opakowaniu. Możesz również dodać komentarz z preferowanym typem produktu w koszyku lub wiadomości dla shoppera (np. “prosze o pomidory polskie”).Nazwa wymagana prawnie:Air Wick automatyczny odświeżacz powietrza Drzewo Sandałowe i Zmysłowa Wanilia"}], "images": ["data/images/763b19dcc6f191154d168d2c3ea57bd2.jpg"], "absolute_path": "Dla domu/Domowy niezbędnik/Odświeżacze/Produkt 5"}
{"name": "Produkt 7", "url": "https://zakupy.biedronka.pl/air-wick-air-wick-odswiezacz-powietrza-freshmatic-swiezosc-letniego-poranka-wklad-250-ml-0000001932.html", "title": "Air Wick Odświeżacz powietrza Freshmatic świeżość letniego poranka wkład 250 ml", "brand": "Air Wick", "price": "16.99 PLN", "packaging_details": "0.25l- 67,96 zł / l", "description_sections": [{"header": "Opis produktu", "content": "Cechy produktu:- ORYGINALNY wkład do Automatycznego Odświeżacza Powietrza Freshmatic- Zapach rześkiej bawełny i świeżej bryzy- Neutralizuje nieprzyjemne zapachy- Uwalnia nawet 2400 dawek zapachu- Zapach wystarcza nawet na 70 dni.Pozbądź się nieprzyjemnych zapachów i poczuj zapach rześkiej bawełny przenikającej się z energetycznymi nutami zielonego jabłka i świeżego, letniego powietrza. Wielowarstwowy zapach przypomni Ci, dlaczego tak dobrze czujesz się w swoim domu. Wkład uwalnia nawet 2400 dawek zapachu.Wystarczy, że włożysz go do urządzenia, wybierzesz odpowiednią intensywność zapachu (jedną z trzech), ustawisz Air Wick Freshmatic w dowolnym miejscu (min. 2 metry nad ziemią) i możesz cieszyć się dyskretnym aromatem nawet przez 70 dni."}, {"header": "Pozostałe informacje", "content": "Kraj pochodzenia:Wielka BrytaniaKraj pochodzenia zależy od konkretnej partii produktu jaka znajduje się w sklepie. Informację o kraju pochodzenia znajdziesz na opakowaniu. Możesz również dodać komentarz z preferowanym typem produktu w koszyku lub wiadomości dla shoppera (np. “prosze o pomidory polskie”).Producent:Podmiot odpowiedzialny\nRB (Hygiene Home) Poland Sp. z o.o.,\nul. Okunin 1,\n05-100 Nowy Dwór Mazowiecki\nconsumercare@reckitt.com\n+48 22 211 26 94Importer:RB (Hygiene Home) Poland Sp. z o.o.Okunin 1 05-100 Nowy Dwór Mazowiecki PLConsumerCare_PL@reckitt.comNazwa wymagana prawnie:Air Wick automatyczny odświeżacz powietrza o zapachu Świeżość Letniego Poranka"}], "images": ["data/images/182a2f5a4052f5940d727cc0ccac8c98.jpg"], "absolute_path": "Dla domu/Domowy niezbędnik/Odświeżacze/Produkt 7"}
{"name": "Produkt 8", "url": "https://zakupy.biedronka.pl/ambi-pur-ambi-pur-wklad-do-elektrycznego-odswiezacza-powietrza-ambi-pur-spring-awakening-40-ml-0000017262.html", "title": "Ambi Pur Wkład do elektrycznego odświeżacza powietrza Ambi Pur Spring Awakening 40 ml", "brand": "Ambi Pur", "price": "39.99 PLN", "packaging_details": "1szt.- 39,99 zł / szt", "description_sections": [{"header": "Opis produktu", "content": "Wkład do elektrycznego odświeżacza powietrza Ambi Pur z technologią Odourclear nieustannie oczyszcza powietrze z uporczywych, brzydkich zapachów, pozostawiając delikatną i świeżą woń aż do 80 dni (przy codziennym, 12-godzinnym stosowaniu na poziomie intensywności 2). Spring Awakening to delikatny i rześki zapach inspirowany naturalną wiosenną świeżością Lenora. Stwórz przyjemny nastrój dzięki elektrycznemu odświeżaczowi powietrza Ambi Pur i jego szerokiej gamie wysokiej jakości aromatów. Ambi Pur eliminuje brzydkie zapachy, pozwalając Tobie i Twoim gościom cieszyć się pełną świeżości wonią. Używaj wkładów do elektrycznych odświeżaczy powietrza Ambi Pur tylko z urządzeniami Ambi Pur, sprzedawanymi oddzielnie, aby wypełnić swój dom świeżością i zapachem, który będziesz czuć dzień po dniu i tydzień po tygodniu. Jeśli chcesz poczuć natychmiastową świeżość, sięgnij po pełną gamę nowych produktów Ambi Pur z wyjątkową technologią Odourclear, takich jak odświeżacze do tkanin lub odświeżacze powietrza do pomieszczeń i samochodu.Subrand:3volution"}, {"header": "Składniki i alergeny", "content": "Składniki:Tetrahydrolinalool, Linalool, 4-Tert-Butylcyclohexyl Acetate, Hydroxycitronellal, Citronellol, Cyclamen Aldehyde, Limonene, Ethyl 2,2-Dimethylhydrocinnamal, Methylenedioxyphenyl Methylpropanal, Citral, Linalyl Acetate, Alpha-Isomethyl Ionone, Geraniol, Eugenol, Tetramethyl Acetyloctahydronaphthalenes, 2,4-Dimethyl-3-Cyclohexene Carboxaldehyde, Dimethyl Heptenal, Lauraldehyde, Dimethylcyclohexenyl 3-Butenyl Ketone, Methylundecanal, 1,2,3,4,5,6,7,8-Octahydro-5,5-Dimethylnaphthalene-2-Carbaldehyde, Undecylenal, 3-(P-Cumenyl)Propionaldehyde, Nerol, Isoeugenol, Delta-Damascone, Heliotropine, Allyl Phenoxyacetate, 6,6-Dimethylbicyclo[3.1.1]Hept-2-Ene-2-Propionaldehyde, Cyclooctenyl Methyl Carbonate, [(3,7-Dimethyl-6-Octenyl)Oxy]Acetaldehyde"}, {"header": "Przechowywanie i sposób przygotowania", "content": "Sposób podania:Zawsze trzymaj wkład i urządzenie pionowo. Używaj tylko zgodnie z przeznaczeniem. Zdejmij zakrętki z buteleczek wkładu. Odłącz urządzenie przed umieszczeniem w nim wkładu. Podłącz urządzenie do gniazdka tak, by butelka była u dołu. Nie zakrywaj ani nie umieszczaj za zasłonami. Zostaw min. 50 cm wolnego miejsca nad wtyczką. Nie podłączaj przy użyciu przedłużaczy ani rozgałęźników. Wyjmij z gniazdka i wymień wkład, gdy jest pusty."}, {"header": "Pozostałe informacje", "content": "Kraj pochodzenia:HiszpaniaKraj pochodzenia zależy od konkretnej partii produktu jaka znajduje się w sklepie. Informację o kraju pochodzenia znajdziesz na opakowaniu. Możesz również dodać komentarz z preferowanym typem produktu w koszyku lub wiadomości dla shoppera (np. “prosze o pomidory polskie”).Nazwa wymagana prawnie:Ambi Pur z wkładem do elektrycznego odświeżacza powietrza Ambi Pur Spring Awakening, 40ml"}], "images": ["data/images/c90fa1610c00b561dc52872fc5d344c4.jpg"], "absolute_path": "Dla domu/Domowy niezbędnik/Odświeżacze/Produkt 8"}
{"name": "Produkt 10", "url": "https://zakupy.biedronka.pl/ambi-pur-ambi-pur-3volution-spring-awakening-elektryczny-odswiezacz-powietrza-20-ml-0000017263.html", "title": "Ambi Pur 3Volution Spring Awakening Elektryczny odświeżacz powietrza 20 ml", "brand": "Ambi Pur", "price": "39.99 PLN", "packaging_details": "1szt.- 39,99 zł / szt", "description_sections": [{"header": "Opis produktu", "content": "Elektryczny odświeżacz powietrza Ambi Pur 3Volution z technologią OdourClear nieustannie oczyszczają powietrze z uporczywych, nieprzyjemnych zapachów, pozostawiając delikatną i świeżą woń aż do 90 dni (przy codziennym, 12-godzinnym stosowaniu na najniższym ustawieniu). Spring Awakening to delikatny i rześki zapach inspirowany naturalną wiosenną świeżością Lenora. Zakochaj się w tym pełnym wdzięku zapachu i stwórz w swoim domu błogą atmosferę spokoju. Przy zwykłych elektrycznych odświeżaczach powietrza szybko przyzwyczajamy się do otaczających nas zapachów, przez co z czasem przestajemy je czuć. Odświeżacze powietrza Ambi Pur 3Volution rozwiązują ten problem, co 45 minut automatycznie zmieniając 1 z 3 wysokiej jakości zapachów, dając efekt nieprzerwanej świeżości. Używaj wkładów Ambi Pur 3Volution tylko z urządzeniami Ambi Pur 3Volution, sprzedawanymi oddzielnie, aby wypełnić swój dom świeżością i zapachem, który będziesz czuć dzień po dniu i tydzień po tygodniu. Jeśli chcesz poczuć natychmiastową świeżość, sięgnij po pełną gamę nowych produktów Ambi Pur z wyjątkową technologią OdourClear, takich jak odświeżacze do tkanin lub odświeżacze powietrza do pomieszczeń i samochodu."}, {"header": "Pozostałe informacje", "content": "Kraj pochodzenia:BułgariaKraj pochodzenia zależy od konkretnej partii produktu jaka znajduje się w sklepie. Informację o kraju pochodzenia znajdziesz na opakowaniu. Możesz również dodać komentarz z preferowanym typem produktu w koszyku lub wiadomości dla shoppera (np. “prosze o pomidory polskie”).Producent:Procter & Gamble DCE BV Belgium Distr. Div., Temselaan 100, B-1853 Strombeek-Bever, BelgiumDystrybutor:Procter&GambleZabraniecka 20 03-872 Warszawapg@pg.comImporter:https//www.info-pg.com/Nazwa wymagana prawnie:Ambi Pur 3Volution Spring Awakening Elektryczny odświeżacz powietrza 20 ml"}], "images": ["data/images/db88e75c44c87e23124f07392d143a10.jpg"], "absolute_path": "Dla domu/Domowy niezbędnik/Odświeżacze/Produkt 10"}
{"name": "Produkt 9", "url": "https://zakupy.biedronka.pl/air-wick-air-wick-air-spray-orzezwiajace-maliny-and-limonka-237-ml-0000013877.html", "title": "Air Wick Air Spray Orzeźwiające Maliny & Limonka 237 ml", "brand": "Air Wick", "price": "16.99 PLN", "packaging_details": "0.237l- 71,69 zł / l", "description_sections": [{"header": "Opis produktu", "content": "Air Wick Spray Neutralizujący nieprzyjemne zapachy Orzeźwiające Maliny & Limonka 237ml• 95% składników naturalnego pochodzenia• Opatentowana technologia zwalczania brzydkich zapachów• Bezpieczny do rozpylania w powietrzu i na tkaninach• Butelka wykonana w 99% z plastiku z recyklingu• Prostszy skład, więcej naturalnych składników• Orzeźwiający zapach malin i limonki• Nadaje świeżość• Wygodny w użyciu spray• Produkt bezpieczny - nie jest aerozolemODKRYJ NOWE, PRZYJEMNE ZAPACHY WZBOGACONY O OLEJKI ETERYCZNEZanurz się w soczystości malin i odśwież swój dom kojącym zapachem limonki! To idealne połączenie, by pozostawić w pomieszczeniu jedynie rześki powiew bez nieprzyjemnych zapachów. Wprowadź do swojego wnętrza orzeźwienie i stwórz przyjemniejszy klimat w domu!Nowy Air Wick spray neutralizujący brzydkie zapachy zawiera tylko składniki, których potrzebujesz, aby zneutralizować brzydkie zapachy.Stworzony z wyjątkowych molekuł, które zwalczają przykre zapachy. Zapach wzbogacony o naturalne olejki eteryczne.Neutralizujący air spray nie jest aerozolem.Butelka wykonana w 99% z plastiku z recyklingu.Design butelki z wygodnym spryskiwaczem pozwala Ci dowolnie dozować zapach i uwalniać go tak często jak lubisz. Stosuj kiedy na nowo zapragniesz poczuć świeżość w swoim domu.Odświeżacz powietrza w sprayu Air Wick nadaje się do każdego pomieszczenia. Idealnie sprawdza się w łazience i przedpokoju, ale możesz go używać również w kuchni i sypialni.NASZE NOWOŚCIWypróbuj inne warianty zapachowe odświeżaczy powietrza Air Wick:• Air Spray Tropikalny Eukaliptus & Frezja• Air Spray Świeża Rosa & Biały Jaśmin• Air Wick Freshmatic Mango & Brzoskiwnia Spritz z Malediwów• Air Wick Freshmatic Sycylijska Bergamotka i Kwiat Pomarańczy• Air Wick Aromatyczna Mgiełka Wody Fidżi i Świeży AloesInstrukcja użycia:1. Usuń zabezpieczenie, aby uwolnić spust. Zabezpieczenie wyrzuć.2. Skieruj z dala od twarzy i pociągnij spust co najmniej 3 razy, aby rozpocząć przepływ produktu.3. Trzymaj produkt w pozycji pionowej i mocno naciskaj spust za każdym razem, gdy rozpylasz.4. Przechowywać w chłodnym miejscu, z dala od bezpośredniego światła słonecznego.NALEŻY: używać w dobrze wentylowanych pomieszczeniach. NALEŻY: używać ściśle według instrukcji. NIE NALEŻY: rozpylać bezpośrednio na powierzchnie. NIE NALEŻY: rozpylać na zwierzęta i przeznaczone dla nich posłania lub akcesoria. NIE NALEŻY: Rozpylać bezpośrednio na jedzenie i tkaniny. Śliski na twardych powierzchniach. Niektóre twarde powierzchnie mogą stać się wilgotne po rozpyleniu produktu. W przypadku kontaktu z powierzchnią niezwłocznie przetrzyj mokrą ściereczką. Opakowania po produkcie mogą być poddane recyklingowi jedynie po ich całkowitym opróżnieniu. UWAGA: PRODUKT ZAWIERA CZĘŚCI, KTÓRE MOGĄ STWARZAĆ RYZYKO ZADŁAWIENIA.Air Wick odświeżacz powietrza w sprayu o zapachu Orzeźwiające Maliny & Limonka. Chronić przed dziećmi. W razie konieczności zasięgnięcia porady lekarza, należy pokazać pojemnik lub etykietę. Zawiera Methyl chloroisothiazolinone i Methyl isothiazolinone. Może powodować wystąpienie reakcji alergicznej. Zawartość\\pojemnik usuwać do odpowiednio oznakowanych kontenerów zgodnie z lokalnymi, regionalnymi, krajowymi i międzynarodowymi przepisami. Osoby cierpiące na nadwrażliwość zapachową powinny zachować ostrożność przy stosowaniu tego produktu. Odświeżacze powietrza nie mogą zwolnić z przestrzegania zasad postępowania w zakresie higieny.Chronić przed dziećmi. W razie konieczności zasięgnięcia porady lekarza należy pokazać pojemnik lub etykietę. Zawiera Methylchloroisothiazolinone, Methylisothiazolinone, Delta damascone, Tetrahydrolinalool. Może powodować wystąpienie reakcji alergicznej."}, {"header": "Pozostałe informacje", "content": "Kraj pochodzenia:PolskaKraj pochodzenia zależy od konkretnej partii produktu jaka znajduje się w sklepie. Informację o kraju pochodzenia znajdziesz na opakowaniu. Możesz również dodać komentarz z preferowanym typem produktu w koszyku lub wiadomości dla shoppera (np. “prosze o pomidory polskie”).Producent:Podmiot odpowiedzialny\nRB (Hygiene Home) Poland Sp. z o.o., \nul. Okunin 1,\n05-100 Nowy Dwór Mazowiecki \nconsumercare@reckitt.com\n+48 22 211 26 94Importer:RB (Hygiene Home) Poland Sp. z o.o.Okunin 1 05-100 Nowy Dwór Mazowiecki PLconsumercare@reckitt.comNazwa wymagana prawnie:Air Wick Air Spray Orzeźwiające Maliny & Limonka/Cool Raspberries & Lime 237ml"}], "images": ["data/images/84262f57e6025cd5a427958cda2c5f73.jpg"], "absolute_path": "Dla domu/Domowy niezbędnik/Odświeżacze/Produkt 9"}
{"name": "Produkt 11", "url": "https://zakupy.biedronka.pl/air-wick-air-wick-elektryczny-odswiezacz-powietrza-ksiezycowa-lilia-wklad-19-ml-0000015915.html", "title": "Air Wick Elektryczny odświeżacz powietrza księżycowa lilia wkład 19 ml", "brand": "Air Wick", "price": "19.99 PLN", "packaging_details": "0.019l- 1.052,11 zł / l", "description_sections": [{"header": "Opis produktu", "content": "Wkład do elektrycznego odświeżacza powietrza Air Wick wkładasz do urządzenia i możesz cieszyć się swoim ulubionym zapachem nawet przez 120 dni.Produkt skutecznie eliminuje nieprzyjemne aromaty i unosi się w powietrzu przez długi czas. Intensywność zapachu ma aż 5 poziomów, które możesz dowolnie zmieniać przez cały czas działania urządzenia.Odkryj fascynujące i wyrafinowane połączenie lilii, róży, piwonii i wanilii. Zawiera naturalne olejki eteryczne.Cechy produktu:- Zapach: Księżycowa Lilia Otulona Satyną- Neutralizuje nieprzyjemne zapachy- Zapewnia nawet 120 dni zapachu- Ma 5 poziomów intensywności zapachu."}, {"header": "Pozostałe informacje", "content": "Kraj pochodzenia:WęgryKraj pochodzenia zależy od konkretnej partii produktu jaka znajduje się w sklepie. Informację o kraju pochodzenia znajdziesz na opakowaniu. Możesz również dodać komentarz z preferowanym typem produktu w koszyku lub wiadomości dla shoppera (np. “prosze o pomidory polskie”).Producent:Podmiot odpowiedzialny\nRB (Hygiene Home) Poland Sp. z o.o., \nul. Okunin 1,\n05-100 Nowy Dwór Mazowiecki \nconsumercare@reckitt.com\n+48 22 211 26 94Importer:RB (Hygiene Home) Poland Sp. z o.o.Okunin 1 05-100 Nowy Dwór Mazowiecki PLConsumerCare_PL@reckitt.comNazwa wymagana prawnie:Air Wick elektryczny odświeżacz powietrza o zapachu Księżycowej Lilii Otulonej Satyną"}], "images": ["data/images/1d81ba36ad47319b636464d30d01460c.jpg"], "absolute_path": "Dla domu/Domowy niezbędnik/Odświeżacze/Produkt 11"}
{"name": "Produkt 3", "url": "https://zakupy.biedronka.pl/philips-philips-zarowka-led-5w-e14-1-szt.-0000016540.html", "title": "Philips Żarówka LED 5W E14 1 szt.", "brand": "Philips", "price": "11.99 PLN", "packaging_details": "1szt.- 11,99 zł / szt", "description_sections": [{"header": "Opis produktu", "content": "Żarówki Philips LED zapewniają piękne, ciepłe światło, wyjątkową trwałość i energooszczędność. Eleganckie wzornictwo stanowi doskonały zamiennik dla tradycyjnych żarówek."}, {"header": "Pozostałe informacje", "content": "Kraj pochodzenia:ChinyKraj pochodzenia zależy od konkretnej partii produktu jaka znajduje się w sklepie. Informację o kraju pochodzenia znajdziesz na opakowaniu. Możesz również dodać komentarz z preferowanym typem produktu w koszyku lub wiadomości dla shoppera (np. “prosze o pomidory polskie”).Producent:Philips Lighitng Poland Sp. z o.o.Dystrybutor:Signify Poland Sp. z o.o.Kossaka 150 64-920 Piłazamowienia.oswietlenie@signify.comImporter:Signify Poland Sp. z o.o.Kossaka 150 64-920 Piła PLzamowienia.oswietlenie@signify.comNazwa wymagana prawnie:Żarówka LED PHILIPS 5W E14"}], "images": ["data/images/77e8637ea9ac4f8622b29fae71304b6b.jpg"], "absolute_path": "Dla domu/Domowy niezbędnik/Żarówki/Produkt 3"}
{"name": "Produkt 13", "url": "https://zakupy.biedronka.pl/air-wick-air-wick-air-spray-swieza-rosa-and-bialy-jasminfresh-dew-and-white-jasmine-237-ml-0000013876.html", "title": "Air Wick Air Spray Świeża Rosa & Biały Jaśmin/Fresh Dew & White Jasmine 237 ml", "brand": "Air Wick", "price": "16.99 PLN", "packaging_details": "0.237l- 71,69 zł / l", "description_sections": [{"header": "Opis produktu", "content": "Air Wick Air Spray Świeża Rosa & Biały Jaśmin 237ml• 95% składników naturalnego pochodzenia• Opatentowana technologia zwalczania brzydkich zapachów• Bezpieczny do rozpylania w powietrzu i na tkaninach• Butelka wykonana w 99% z plastiku z recyklingu• Prostszy skład, więcej naturalnych składników• Świeży zapach rosy i jaśminu• Nadaje świeżość• Wygodny w użyciu spray;Chronić przed dziećmi. W razie konieczności zasięgnięcia porady lekarza należy pokazać pojemnik lub etykietę. Zawiera Methylchloroisothiazolinone, Methylisothiazolinone, Delta damascone, Tetrahydrolinalool. Może powodować wystąpienie reakcji alergicznej.• Produkt bezpieczny - nie jest aerozolemODKRYJ NOWE, PRZYJEMNE ZAPACHY WZBOGACONY O OLEJKI ETERYCZNEPoczuj przyjemne orzeźwienie o zapachu świeżej rosy i białego jaśminu! Połączenie delikatnych, rześkich nut świeżej rosy i intensywnej woni kwiatów, dyskretnie i skutecznie uwolni Cię od nieprzyjemnych zapachów, pozostawiając jedynie wrażenie odświeżenia. Nadaj pomieszczeniu nowego charakteru i stwórz klimat w swoim domu!Nowy Air Wick spray neutralizujący brzydkie zapachy zawiera tylko składniki, których potrzebujesz, aby zneutralizować brzydkie, uporczywe zapachy.Stworzony z wyjątkowych molekuł, które zwalczają przykre zapachy. Zapach wzbogacony o naturalne olejki eteryczne.Neutralizujący air spray nie jest aerozolem.Butelka wykonana w 99% z plastiku z recyklingu.Design butelki z wygodnym spryskiwaczem pozwala Ci dowolnie dozować zapach i uwalniać go tak często jak lubisz. Stosuj kiedy na nowo zapragniesz poczuć świeżość w swoim domu.Odświeżacz powietrza w sprayu Air Wick nadaje się do każdego pomieszczenia. Idealnie sprawdza się w łazience i przedpokoju, ale możesz go używać również w kuchni i sypialni.NASZE NOWOŚCIWypróbuj inne warianty zapachowe odświeżaczy powietrza Air Wick:• Air Spray Tropikalny Eukaliptus & Frezja• Air Spray Świeża Rosa & Biały Jaśmin• Air Wick Freshmatic Mango & Brzoskiwnia Spritz z Malediwów• Air Wick Freshmatic Sycylijska Bergamotka i Kwiat Pomarańczy• Air Wick Aromatyczna Mgiełka Wody Fidżi i Świeży AloesInstrukcja użycia:1. Usuń zabezpieczenie, aby uwolnić spust. Zabezpieczenie wyrzuć.2. Skieruj z dala od twarzy i pociągnij spust co najmniej 3 razy, aby rozpocząć przepływ produktu.3. Trzymaj produkt w pozycji pionowej i mocno naciskaj spust za każdym razem, gdy rozpylasz.4. Przechowywać w chłodnym miejscu, z dala od bezpośredniego światła słonecznego.NALEŻY: używać w dobrze wentylowanych pomieszczeniach. NALEŻY: używać ściśle według instrukcji. NIE NALEŻY: rozpylać bezpośrednio na powierzchnie. NIE NALEŻY: rozpylać na zwierzęta i przeznaczone dla nich posłania lub akcesoria. NIE NALEŻY: Rozpylać bezpośrednio na jedzenie i tkaniny. Śliski na twardych powierzchniach. Niektóre twarde powierzchnie mogą stać się wilgotne po rozpyleniu produktu. W przypadku kontaktu z powierzchnią niezwłocznie przetrzyj mokrą ściereczką. Opakowania po produkcie mogą być poddane recyklingowi jedynie po ich całkowitym opróżnieniu. UWAGA: PRODUKT ZAWIERA CZĘŚCI, KTÓRE MOGĄ STWARZAĆ RYZYKO ZADŁAWIENIA.Air Wick odświeżacz powietrza w sprayu o zapachu Świeża Rosa & Biały Jaśmin. Chronić przed dziećmi. W razie konieczności zasięgnięcia porady lekarza, należy pokazać pojemnik lub etykietę. Zawiera Methyl chloroisothiazolinone i Methyl isothiazolinone. Może powodować wystąpienie reakcji alergicznej. Zawartość\\pojemnik usuwać do odpowiednio oznakowanych kontenerów zgodnie z lokalnymi, regionalnymi, krajowymi i międzynarodowymi przepisami. Osoby cierpiące na nadwrażliwość zapachową powinny zachować ostrożność przy stosowaniu tego produktu. Odświeżacze powietrza nie mogą zwolnić z przestrzegania zasad postępowania w zakresie higieny."}, {"header": "Pozostałe informacje", "content": "Kraj pochodzenia:PolskaKraj pochodzenia zależy od konkretnej partii produktu jaka znajduje się w sklepie. Informację o kraju pochodzenia znajdziesz na opakowaniu. Możesz również dodać komentarz z preferowanym typem produktu w koszyku lub wiadomości dla shoppera (np. “prosze o pomidory polskie”).Producent:RB (Hygiene Home) Poland Sp. z o.o.Okunin 1 05-100 Nowy Dwór Mazowiecki PLconsumercare@reckitt.comImporter:RB (Hygiene Home) Poland Sp. z o.o.Okunin 1 05-100 Nowy Dwór Mazowiecki PLconsumercare@reckitt.comNazwa wymagana prawnie:Air Wick Air Spray Świeża Rosa & Biały Jaśmin 237ml"}], "images": ["data/images/44f1a9ca1f7281d3ec77f41ea9571b3c.jpg"], "absolute_path": "Dla domu/Domowy niezbędnik/Odświeżacze/Produkt 13"}
{"name": "Produkt 2", "url": "https://zakupy.biedronka.pl/philips-zarowka-led-philips-barwa-ciepla-e27-75w-sztuka-0000016539.html", "title": "Żarówka LED Philips barwa ciepła E27 75W sztuka", "brand": "Philips", "price": "11.99 PLN", "packaging_details": "1szt.- 11,99 zł / szt", "description_sections": [{"header": "Opis produktu", "content": "Ta energooszczędna, pięknie zaprojektowana żarówka LED o znajomo wyglądającym kształcie jest doskonałym, przyjaznym środowisku zamiennikiem dla tradycyjnych żarówek."}, {"header": "Pozostałe informacje", "content": "Kraj pochodzenia:ChinyKraj pochodzenia zależy od konkretnej partii produktu jaka znajduje się w sklepie. Informację o kraju pochodzenia znajdziesz na opakowaniu. Możesz również dodać komentarz z preferowanym typem produktu w koszyku lub wiadomości dla shoppera (np. “prosze o pomidory polskie”).Producent:Signify Poland Sp. z o.o.Dystrybutor:Signify Poland Sp. z o.o.Kossaka 150 64-920 Piłazamowienia.oswietlenie@signify.comImporter:Signify Poland Sp. z o.o.Kossaka 150 64-920 Piła PLzamowienia.oswietlenie@signify.comNazwa wymagana prawnie:Żarówka LED Philips E27 75 W barwa ciepła"}], "images": ["data/images/757ebbf6b509b743bb1ce13c7a0a4d1c.jpg"], "absolute_path": "Dla domu/Domowy niezbędnik/Żarówki/Produkt 2"}
{"name": "Produkt 1", "url": "https://zakupy.biedronka.pl/philips-zarowka-led-philips-8w-e27-sztuka-0000016538.html", "title": "Żarówka LED Philips 8W E27 sztuka", "brand": "Philips", "price": "11.99 PLN", "packaging_details": "1szt.- 11,99 zł / szt", "description_sections": [{"header": "Opis produktu", "content": "Żarówki Philips LED zapewniają piękne, ciepłe światło, wyjątkową trwałość i energooszczędność. Eleganckie wzornictwo stanowi doskonały zamiennik dla tradycyjnych żarówek."}, {"header": "Pozostałe informacje", "content": "Kraj pochodzenia:ChinyKraj pochodzenia zależy od konkretnej partii produktu jaka znajduje się w sklepie. Informację o kraju pochodzenia znajdziesz na opakowaniu. Możesz również dodać komentarz z preferowanym typem produktu w koszyku lub wiadomości dla shoppera (np. “prosze o pomidory polskie”).Producent:Signify Poland Sp. z o.o.Dystrybutor:Signify Poland Sp. z o.o.Kossaka 150 64-920 Piłazamowienia.oswietlenie@signify.comImporter:Signify Poland Sp. z o.o.Kossaka 150 64-920 Piła PLzamowienia.oswietlenie@signify.comNazwa wymagana prawnie:Żarówka LED Philips 8W E27"}], "images": ["data/images/d9915764c1681b19e2d7ab87409c6c2f.jpg"], "absolute_path": "Dla domu/Domowy niezbędnik/Żarówki/Produkt 1"}
{"name": "Produkt 12", "url": "https://zakupy.biedronka.pl/air-wick-air-wick-odswiezacz-powietrza-freshmatic-biale-kwiaty-wklad-250-ml-0000001944.html", "title": "Air Wick Odświeżacz powietrza Freshmatic białe kwiaty wkład 250 ml", "brand": "Air Wick", "price": "16.99 PLN", "packaging_details": "0.25l- 67,96 zł / l", "description_sections": [{"header": "Opis produktu", "content": "Wkład uwalnia nawet 2400 dawek zapachu. Wystarczy, że włożysz go do urządzenia, wybierzesz odpowiednią intensywność zapachu (jedną z trzech), ustawisz Air Wick Freshmatic w dowolnym miejscu (min. 2 metry nad ziemią) i możesz cieszyć się dyskretnym aromatem nawet przez 70 dni.Pozbądź się nieprzyjemnych zapachów i zainspiruj się naturalnym zapachem świeżo ściętych białych kwiatów: lilii, białych róż i jaśminu (z delikatną nutą rześkiego zielonego jabłka).Cechy produktu:- ORYGINALNY wkład do Automatycznego Odświeżacza Powietrza Freshmatic;- Zapach świeżo ściętych białych kwiatów: lilii, białych róż i jaśminu;- Neutralizuje nieprzyjemne zapachy;- Uwalnia nawet 2400 dawek zapachu;- Zapach wystarcza nawet na 70 dni."}, {"header": "Pozostałe informacje", "content": "Kraj pochodzenia:Wielka BrytaniaKraj pochodzenia zależy od konkretnej partii produktu jaka znajduje się w sklepie. Informację o kraju pochodzenia znajdziesz na opakowaniu. Możesz również dodać komentarz z preferowanym typem produktu w koszyku lub wiadomości dla shoppera (np. “prosze o pomidory polskie”).Nazwa wymagana prawnie:Air Wick automatyczny odświeżacz powietrza o zapachu Białe kwiaty"}], "images": ["data/images/64f8e5d55ae6e952d53772048aff14ca.jpg"], "absolute_path": "Dla domu/Domowy niezbędnik/Odświeżacze/Produkt 12"}
{"name": "Produkt 2", "url": "https://zakupy.biedronka.pl/energizer-energizer-bateria-specjalistyczna-litowa-cr2032-blister-2-szt.-0000003182.html", "title": "Energizer Bateria specjalistyczna litowa CR2032 Blister 2 szt.", "brand": "Energizer", "price": "9.99 PLN", "packaging_details": "2szt.- 5,00 zł / szt", "description_sections": [{"header": "Opis produktu", "content": "Gwarantują długi czas działania. Szeroka gama zasilenia drobnych sprzętów elektronicznych takich jak: domowy sprzęt medyczny i osobisty, piloty do bram garażowych i systemy bezkluczykowe, gry i zabawki elektroniczne, organizatory osobiste."}, {"header": "Pozostałe informacje", "content": "Kraj pochodzenia:Stany ZjednoczoneKraj pochodzenia zależy od konkretnej partii produktu jaka znajduje się w sklepie. Informację o kraju pochodzenia znajdziesz na opakowaniu. Możesz również dodać komentarz z preferowanym typem produktu w koszyku lub wiadomości dla shoppera (np. “prosze o pomidory polskie”).Producent:Energizer Trading Ltd.,\nSword House,\nTotteridge Road,\nHigh Wycombe,\nUK,\nHP13 6DG\nwww.energizer.eu\nconsumersupport@energizer.comDystrybutor:Amtra Sp.z.o.o.Schonów 3 41-200 SosnowiecNazwa wymagana prawnie:ENERGIZER Bateria Specjalistyczna Litowa CR2032 Blister 2 szt."}], "images": ["data/images/edc56ab686c3942a4e7c0d3631fad57a.jpg"], "absolute_path": "Dla domu/Domowy niezbędnik/Baterie/Produkt 2"}
{"name": "Produkt 3", "url": "https://zakupy.biedronka.pl/varta-varta-energy-aaa-lr03-15-v-bateria-alkaliczna-4-szt.-0000009144.html", "title": "Varta Energy AAA LR03 1,5 V Bateria alkaliczna 4 szt.", "brand": "Varta", "price": "6.99 PLN", "packaging_details": "4opak.- 1,75 zł / szt", "description_sections": [{"header": "Opis produktu", "content": "Parametry produktu:-\"Single Press Out\" umożliwia łatwe otwieranie opakowania i właściwe przechowywanie nieużywanych baterii- Opakowania wykonane w minimum 80% z recykling"}, {"header": "Pozostałe informacje", "content": "Nazwa wymagana prawnie:Baterie VARTA Energy AAA  4szt."}], "images": ["data/images/6b31c68a0a0b939bd3f0beb7bae89c50.jpg"], "absolute_path": "Dla domu/Domowy niezbędnik/Baterie/Produkt 3"}
{"name": "Produkt 1", "url": "https://zakupy.biedronka.pl/varta-varta-energy-aa-lr6-15-v-bateria-alkaliczna-4-szt.-0000009143.html", "title": "Varta Energy AA LR6 1,5 V Bateria alkaliczna 4 szt.", "brand": "Varta", "price": "6.99 PLN", "packaging_details": "4opak.- 1,75 zł / szt", "description_sections": [{"header": "Opis produktu", "content": "Parametry produktu:-\"Single Press Out\" umożliwia łatwe otwieranie opakowania i właściwe przechowywanie nieużywanych baterii- Opakowania wykonane w minimum 80% z recyklingu"}, {"header": "Pozostałe informacje", "content": "Nazwa wymagana prawnie:Baterie VARTA Energy AA  4 szt."}], "images": ["data/images/46abfe18ade1a1e31f07db375d0c890c.jpg"], "absolute_path": "Dla domu/Domowy niezbędnik/Baterie/Produkt 1"}
{"name": "Produkt 5", "url": "https://zakupy.biedronka.pl/lethe-lethe-baterie-alkaliczne-aaa-lr03-15v-8-szt.-0000014473.html", "title": "Lethe Baterie alkaliczne AAA LR03 1,5V 8 szt.", "brand": "lethe", "price": "10.99 PLN", "packaging_details": "8szt.- 1,37 zł / szt", "description_sections": [{"header": "Pozostałe informacje", "content": "Kraj pochodzenia:ChinyKraj pochodzenia zależy od konkretnej partii produktu jaka znajduje się w sklepie. Informację o kraju pochodzenia znajdziesz na opakowaniu. Możesz również dodać komentarz z preferowanym typem produktu w koszyku lub wiadomości dla shoppera (np. “prosze o pomidory polskie”).Producent:Joinco Polska Sp. z o.o.Dystrybutor:Jeronimo Martins Polska S.A.Żniwna 5 62-025 KostrzynImporter:Jeronimo Martins Polska S.A.Żniwna 5 62-025 Kostrzyn PLNazwa wymagana prawnie:Baterie alkaliczne, 8 szt. Nie zawierają kadmu i rtęci"}], "images": ["data/images/7c6b76e636c00b45f3765d84de57d15a.jpg", "data/images/4f6f5f5cb4f566969877cf5e2d08cfcc.jpg", "data/images/9df98e3819b99438027606d35e6bc3fe.jpg"], "absolute_path": "Dla domu/Domowy niezbędnik/Baterie/Produkt 5"}
{"name": "Produkt 4", "url": "https://zakupy.biedronka.pl/lethe-lethe-baterie-alkaliczne-aa-lr6-15v-8-szt.-0000014474.html", "title": "lethe Baterie alkaliczne AA LR6 1,5V 8 szt.", "brand": "lethe", "price": "10.99 PLN", "packaging_details": "8szt.- 1,37 zł / szt", "description_sections": [{"header": "Pozostałe informacje", "content": "Kraj pochodzenia:ChinyKraj pochodzenia zależy od konkretnej partii produktu jaka znajduje się w sklepie. Informację o kraju pochodzenia znajdziesz na opakowaniu. Możesz również dodać komentarz z preferowanym typem produktu w koszyku lub wiadomości dla shoppera (np. “prosze o pomidory polskie”).Producent:Joinco Polska Sp. z o.o.Dystrybutor:Jeronimo Martins Polska S.A.Żniwna 5 62-025 KostrzynImporter:Jeronimo Martins Polska S.A.Żniwna 5 62-025 Kostrzyn PLNazwa wymagana prawnie:Baterie alkaliczne, 8 szt. Nie zawierają kadmu i rtęci"}], "images": ["data/images/7a31f43446d6649c07ec1afcb05812ce.jpg", "data/images/e6f8c29f3dcc1f173526a92093c70030.jpg", "data/images/0458b14522b098587ac972298616799e.jpg"], "absolute_path": "Dla domu/Domowy niezbędnik/Baterie/Produkt 4"}
{"name": "Produkt 1", "url": "https://zakupy.biedronka.pl/zosia-samosia-zosia-samosia-scierka-domowa-4-szt.-0000004706.html", "title": "Zosia Samosia Ścierka domowa 4 szt.", "brand": "Zosia Samosia", "price": "2.55 PLN", "packaging_details": "4szt.- 0,64 zł / szt", "description_sections": [{"header": "Opis produktu", "content": "Perforowana powierzchnia ułatwia ścieranie zabrudzeń.Do użytku na mokro i na sucho.Do mycia, wycierania, osuszania każdego rodzaju powierzchni.Idealna do olejowanych i woskowanych powierzchni drewnianych.Nie pozostawia włókien.Bardzo chłonna."}, {"header": "Pozostałe informacje", "content": "Kraj pochodzenia:NiemcyKraj pochodzenia zależy od konkretnej partii produktu jaka znajduje się w sklepie. Informację o kraju pochodzenia znajdziesz na opakowaniu. Możesz również dodać komentarz z preferowanym typem produktu w koszyku lub wiadomości dla shoppera (np. “prosze o pomidory polskie”).Dystrybutor:Jeronimo Martins Polska S.A.Żniwna 5 62-025 KostrzynNazwa wymagana prawnie:Ścierka domowa"}], "images": ["data/images/f0de05570c2c55e5bb9303268f47e48e.jpg"], "absolute_path": "Dla domu/Domowy niezbędnik/Ścierki/Produkt 1"}
{"name": "Produkt 4", "url": "https://zakupy.biedronka.pl/vileda-vileda-actifibre-soft-sciereczka-uniwersalna-1-szt.-0000013106.html", "title": "Vileda Actifibre Soft Ściereczka uniwersalna 1 szt.", "brand": "Vileda", "price": "6.99 PLN", "packaging_details": "1szt.- 6,99 zł / szt", "description_sections": [{"header": "Opis produktu", "content": "Czysta i sucha powierzchnia już po pierwszym przetarciu. 100 % włókna mikrofibry z powłoką poliuretanową zapewniają maksymalną moc czyszczącą i chłonność. Mikrowłókna zapewnia ją maksymalną skuteczność czyszczenia bez użycia detergentów. Wyjątkowa chłonność. Czyszczenie bez smug i zacieków.Ściereczka wykonana jest w 100 % z mikrofibry, dzięki czemu posiada znakomite właściwości czyszczące - usuwa nawet uporczywe zabrudzenia przy użyciu samej wody. Doskonale chłonie i zatrzymuje w sobie płyny, dzięki czemu nie pozostawia smug i zacieków. Dodatkowo jest miękka i delikatna w dotyku zarówno na sucho jak i na mokro. Nadaje się do wszelkiego typu prac domowych - w kuchni, łazience lub salonie. Dzięki warstwie poliuretanowej jest łatwa w spłukiwaniu i utrzymaniu w czystości. W przypadku większych zabrudzeń można ją prać w pralce w temperaturze do 60 °C i używać wielokrotnie. Ściereczkę należy prać z tekstyliami o podobnym kolorze. Nie należy stosować zmiękczacza ani wybielacza.Główne benefity:- Skuteczność. Dzięki drobnym mikro włóknom skutecznie czyści nawet uporczywe zabrudzenia i zaschnięte plamy. Bez konieczności stosowania detergentów.- Czystość bez smug i zacieków. Ściereczka doskonale chłonie i zatrzymuje w sobie płyny, dzięki czemu powierzchnia jest czysta i pozbawiona smug i zacieków już po pierwszym przetarciu.- Łatwo się spłukuje i pozostaje higieniczna na dłużej. Dzięki specjalnej powłoce poliuretanowej ściereczka jest łatwa w spłukiwaniu. Po skończonym sprzątaniu opłucz ściereczkę pod bieżącą wodą usuwając resztki brudu. W przypadku większych zabrudzeń można ją prać w pralce w temperaturze do 60 °C i używać wielokrotnie. Należy ją prać z tekstyliami o podobnym kolorze. Nie stosować zmiękczacza do tkanin ani wybielacza.- Uniwersalne zastosowanie. Nadaje się do wszelkiego typu prac domowych - w kuchni, łazience lub salonie."}, {"header": "Składniki i alergeny", "content": "Składniki:88 % poliester,12 % poliamid,Powłoka: 100 % poliuretan"}, {"header": "Przechowywanie i sposób przygotowania", "content": "Sposób podania:Sposób użycia: Rozłożoną ściereczkę dokładnie wypłukać i wycisnąć. Aby uzyskać najlepszy efekt czyszczenia, spłucz przed pierwszym użyciem. Używaj wilgotnej lub mokrej ściereczki. Ściereczkę można prać w temperaturze do 60° z tkaninami w podobnych kolorach, bez użycia zmiękczacza do tkanin. Pranie ściereczki w niskich temperaturach przedłuża jej żywotność i przyczynia się do ochrony środowiska naturalnego."}, {"header": "Pozostałe informacje", "content": "Kraj pochodzenia:ChinyKraj pochodzenia zależy od konkretnej partii produktu jaka znajduje się w sklepie. Informację o kraju pochodzenia znajdziesz na opakowaniu. Możesz również dodać komentarz z preferowanym typem produktu w koszyku lub wiadomości dla shoppera (np. “prosze o pomidory polskie”).Producent:FHP Vileda Sp. z o.o.\nul. Puławska 182\n02-670 WarszawaDystrybutor:FHP Vileda Sp. z o.o.02-670 WarszawaImporter:FHP Vileda sp. z o.o.Puławska 182 02-670 Warszawa PLkamila.bergier@fhp-ww.comNazwa wymagana prawnie:Vileda Actifibre Soft Ściereczka uniwersalna"}], "images": ["data/images/ac7667688545559d90dad7511fab3b9a.jpg"], "absolute_path": "Dla domu/Domowy niezbędnik/Ścierki/Produkt 4"}
{"name": "Produkt 2", "url": "https://zakupy.biedronka.pl/zosia-samosia-zosia-samosia-sciereczki-z-mikrofibry-32-x-32-cm-2-szt.-0000009557.html", "title": "Zosia Samosia Ściereczki z mikrofibry 32 x 32 cm 2 szt.", "brand": "Zosia Samosia", "price": "3.99 PLN", "packaging_details": "2szt.- 2,00 zł / szt", "description_sections": [{"header": "Opis produktu", "content": "Wykonane z włókien z recyklingowanych butelek PET. Przeznaczone do wielokrotnego użytku - można je prać w pralce. Bez użycia detergentów usuwają kurz i brud, nie pozostawiając smug. Ściereczki są multifunkcyjne: na silne zabrudzenia dobrze zmocz je czystą wodą, a do usuwania kurzu stosuj na sucho. Specjalne wykończenie ściereczek i brak obszycia podnoszą ich funkcjonalność. Ściereczki zachowają wszystkie swoje właściwości nawet po wielokrotnym praniu, jednak może to spowodować niewielkie zmiany w ich wyglądzie. Przed pierwszym i po każdym użyciu należy wypłukać ściereczki w ciepłej wodzie. Opakowanie jest wykonane z papieru z recyklingu z certyfikatem FSC."}, {"header": "Pozostałe informacje", "content": "Kraj pochodzenia:ChinyKraj pochodzenia zależy od konkretnej partii produktu jaka znajduje się w sklepie. Informację o kraju pochodzenia znajdziesz na opakowaniu. Możesz również dodać komentarz z preferowanym typem produktu w koszyku lub wiadomości dla shoppera (np. “prosze o pomidory polskie”).Dystrybutor:Jeronimo Martins Polska S.A.Żniwna 5 62-025 KostrzynNazwa wymagana prawnie:Ściereczki z mikrofibry"}], "images": ["data/images/9f5a8a2f07b27c02abe25a4f17ebb034.jpg", "data/images/6dbe7ffe40b2fd41245bb7a0961d5bb2.jpg"], "absolute_path": "Dla domu/Domowy niezbędnik/Ścierki/Produkt 2"}
{"name": "Produkt 5", "url": "https://zakupy.biedronka.pl/presto-presto-sciereczki-nawilzane-do-podlog-16-szt.-0000013104.html", "title": "Presto Ściereczki nawilżane do podłóg 16 szt.", "brand": "Presto", "price": "7.89 PLN", "packaging_details": "16szt.- 0,49 zł / szt", "description_sections": [{"header": "Opis produktu", "content": "Ściereczki nawilżane Presto do czyszczenia podłóg:- skuteczne na różnych rodzajach podłóg: panelach, parkiecie lakierowanym, terakocie, gresie- skutecznie usuwają brud i kurz dzięki zawartości niejonowych i amfoterycznych środków powierzchniowo czynnych- nie pozostawiają smug i zacieków dzięki zastosowaniu składnika przyspieszającego schnięcie powierzchni- ułatwiają kolejne mycie dzięki aktywnym składnikom płynu, wnikającym w pory powierzchni i zabezpieczającym ją przed wchłanianiem brudu- nie zawierają organicznych rozpuszczalników- wydajne w myciu dużych powierzchni dzięki dużej i grubej ściereczce- nie podrażniają skóry dłoniInnowacyjne połączenie 2w1 - ściereczka z płynem czyszczącym. Sprawia, że codzienne porządki stają się:szybsze - nie tracisz czasu na przygotowanie akcesoriów do sprzątania, płukanie i pranie tradycyjnych ściereczekprostsze - ściereczka jest od razu gotowa do użycia, a po użyciu wyrzucasz ją do koszaprzyjemniejsze - ściereczka jest zawsze czysta i pachnąca"}, {"header": "Składniki i alergeny", "content": "Składniki:<5% niejonowe środki powierzchniowo czynne,kompozycja zapachowa,Hexyl Cinnamal,środek konserwujący: Benzisothiazolinone, Methylisothiazolinone, Laurylamine Dipropylenediamine"}, {"header": "Przechowywanie i sposób przygotowania", "content": "Sposób podania:Sposób użycia: Przed użyciem przetestować w mało widocznym miejscu. Po wyjęciu ściereczki szczelnie zamknąć opakowanie, zabezpieczając produkt przed wyschnięciem. Czyszczoną powierzchnię dokładnie przetrzeć ściereczką. W przypadku mocnych zabrudzeń użyć kilku ściereczek. Po zużyciu wyrzucić. Do ręcznego mycia lub przy użyciu specjalistycznego mopa dedykowanego do ściereczek nawilżanych. Nie wyrzucać do toalety.Nie stosować do higieny osobistej."}, {"header": "Pozostałe informacje", "content": "Kraj pochodzenia:PolskaKraj pochodzenia zależy od konkretnej partii produktu jaka znajduje się w sklepie. Informację o kraju pochodzenia znajdziesz na opakowaniu. Możesz również dodać komentarz z preferowanym typem produktu w koszyku lub wiadomości dla shoppera (np. “prosze o pomidory polskie”).Producent:Harper Hygienics S.A.,\nul. Gen. K. Sosnkowskiego 34,\n05-300 Mińsk Mazowiecki,\nPolska\nTel. (+48 25) 759 84 00\nwww.prestoclean.plDystrybutor:Harper Hygienics S.A.ul. Gen. K. Sosnkowskiego 34 05-300  Mińsk MazowieckiNazwa wymagana prawnie:Presto Ściereczki nawilżane do podłóg 16 sztuk"}], "images": ["data/images/0d1933731a58e90c2def0b72cace2b24.jpg"], "absolute_path": "Dla domu/Domowy niezbędnik/Ścierki/Produkt 5"}
{"name": "Produkt 3", "url": "https://zakupy.biedronka.pl/zosia-samosia-zosia-samosia-czyscik-do-powierzchni-delikatnych-2-szt.-0000006297.html", "title": "Zosia Samosia Czyścik do powierzchni delikatnych 2 szt.", "brand": "Zosia Samosia", "price": "2.99 PLN", "packaging_details": "2szt.- 1,50 zł / szt", "description_sections": [{"header": "Opis produktu", "content": "Zmywak do powierzchni delikatnych-miękki i delikatny, a jednocześnie bardzo trwały-nie pozostawia zarysowań-wykonany z pianki poliuretanowej i okryty włókniną-opakowanie: 2 szt."}, {"header": "Pozostałe informacje", "content": "Kraj pochodzenia:PolskaKraj pochodzenia zależy od konkretnej partii produktu jaka znajduje się w sklepie. Informację o kraju pochodzenia znajdziesz na opakowaniu. Możesz również dodać komentarz z preferowanym typem produktu w koszyku lub wiadomości dla shoppera (np. “prosze o pomidory polskie”).Producent:Mapa SpontexJózefińska 2 0 30-529 Kraków PLbiuro.zamowienie@mspoland.com.plDystrybutor:MS Poland Sp. z o.o.Józefińska 2 0 30-529 Krakówbiuro.zamowienie@mspoland.com.plNazwa wymagana prawnie:Czyścik do powierzchni delikatnych Zosia Samosia 2 szt."}], "images": ["data/images/48f724f01b7d5873966fa73826a35495.jpg"], "absolute_path": "Dla domu/Domowy niezbędnik/Ścierki/Produkt 3"}
{"name": "Produkt 2", "url": "https://zakupy.biedronka.pl/zosia-samosia-zosia-samosia-worki-na-smieci-z-recyklingu-z-tasma-sciagajaca-120-l-10-szt.-0000002880.html", "title": "Zosia Samosia Worki na śmieci z recyklingu z taśmą ściągającą 120 l 10 szt.", "brand": "Zosia Samosia", "price": "5.49 PLN", "packaging_details": "10szt.- 0,55 zł / szt", "description_sections": [{"header": "Opis produktu", "content": "Produkt wyprodukowany z surowców pochodzących w 86% z recyklingu.O zapachu lawendowym.Sposób użycia:1. W specjalnie wyciętym miejscu na górnym brzegu worka znajduje się taśma ściągająca.2. Po wypełnieniu worka w koszu ściągnij taśmę ściągającą i zwiąż na supeł.3. Wyciągnij worek z kosza chwytając za taśmę ściągającą. Przenoś worek w ten sposób."}, {"header": "Pozostałe informacje", "content": "Kraj pochodzenia:PolskaKraj pochodzenia zależy od konkretnej partii produktu jaka znajduje się w sklepie. Informację o kraju pochodzenia znajdziesz na opakowaniu. Możesz również dodać komentarz z preferowanym typem produktu w koszyku lub wiadomości dla shoppera (np. “prosze o pomidory polskie”).Nazwa wymagana prawnie:Worki na śmieci z recyklingu, z taśmą ściągającą"}], "images": ["data/images/709601a805e882b43591754225ab8a51.jpg"], "absolute_path": "Dla domu/Domowy niezbędnik/Worki na śmieci/Produkt 2"}
{"name": "Produkt 4", "url": "https://zakupy.biedronka.pl/zosia-samosia-zosia-samosia-worki-na-smieci-z-recyklingu-wiazane-35-l-30-szt.-0000019738.html", "title": "Zosia Samosia Worki na śmieci z recyklingu wiązane 35 l 30 szt.", "brand": "Zosia Samosia", "price": "3.65 PLN", "packaging_details": "30szt.- 0,12 zł / szt", "description_sections": [{"header": "Opis produktu", "content": "Wytrzymałe na przedziurawienia i rozerwanie.Wygodne zawiązywanie i przenoszenie worka, dzięki zakończeniu górnej części worka falą.Produkt zawiera min. 40 % surowców pochodzących z recyklingu.Sposób użycia:1. Zwiąż dwie równoległe fale na supeł.2. Zwiąż pozostałe fale na supeł.3. Worek jest gotowy do przenoszenia."}, {"header": "Pozostałe informacje", "content": "Kraj pochodzenia:WietnamKraj pochodzenia zależy od konkretnej partii produktu jaka znajduje się w sklepie. Informację o kraju pochodzenia znajdziesz na opakowaniu. Możesz również dodać komentarz z preferowanym typem produktu w koszyku lub wiadomości dla shoppera (np. “prosze o pomidory polskie”).Dystrybutor:Jeronimo Martins Polska S.A.Żniwna 5 62-025 Kostrzyn PLImporter:Jeronimo Martins Polska S.A.Żniwna 5 62-025 Kostrzyn PLNazwa wymagana prawnie:Worki na śmieci z recyklingu, wiązane"}], "images": ["data/images/4df4cc6dd21b12ea053b95af81961e0a.jpg", "data/images/4deb02ede7e1c2822eee3cfc10ddb5be.jpg"], "absolute_path": "Dla domu/Domowy niezbędnik/Worki na śmieci/Produkt 4"}
{"name": "Produkt 1", "url": "https://zakupy.biedronka.pl/zosia-samosia-zosia-samosia-worki-na-smieci-z-recyklingu-60-l-10-szt.-0000005888.html", "title": "Zosia Samosia Worki na śmieci z recyklingu 60 l 10 szt.", "brand": "Zosia Samosia", "price": "4.99 PLN", "packaging_details": "10szt.- 0,50 zł / szt", "description_sections": [{"header": "Pozostałe informacje", "content": "Producent:Plasbel Plásticos SA.Dystrybutor:Jeronimo Martins Polska S.A.Żniwna 5 62-025 KostrzynImporter:Jeronimo Martins Polska S.A.Żniwna 5 62-025 Kostrzyn PLNazwa wymagana prawnie:Work na śmieci z recyklingu"}], "images": ["data/images/a31e8df06f730c5ff82f0a015536b275.jpg", "data/images/983b806145448421035b3095639741d9.jpg"], "absolute_path": "Dla domu/Domowy niezbędnik/Worki na śmieci/Produkt 1"}
{"name": "Produkt 6", "url": "https://zakupy.biedronka.pl/mr-magic-mr-magic-uniwersalne-chusteczki-dezynfekujace-40-szt.-0000007703.html", "title": "Mr Magic Uniwersalne chusteczki dezynfekujące 40 szt.", "brand": "Mr Magic", "price": "5.99 PLN", "packaging_details": "40szt.- 0,15 zł / szt", "description_sections": [{"header": "Pozostałe informacje", "content": "Nazwa wymagana prawnie:Uniwersalne chusteczki dezynfekujące"}], "images": ["data/images/14280f24dd427e77cb904fbef18f0ecd.jpg", "data/images/d94a6e6b37f9be05725ab2cb9e66055a.jpg", "data/images/b30b4c8ff1e30cee9f84fefaf3d2ac03.jpg", "data/images/730b673a8cd67b99fa1ac8860d3ee791.jpg"], "absolute_path": "Dla domu/Domowy niezbędnik/Ścierki/Produkt 6"}
{"name": "Produkt 3", "url": "https://zakupy.biedronka.pl/zosia-samosia-zosia-samosia-worki-na-smieci-35-l-15-szt.-0000011248.html", "title": "Zosia Samosia Worki na śmieci 35 l 15 szt.", "brand": "Zosia Samosia", "price": "5.99 PLN", "packaging_details": "15szt.- 0,40 zł / szt", "description_sections": [{"header": "Pozostałe informacje", "content": "Dystrybutor:Jeronimo Martins Polska S.A.Żniwna 5 62-025 KostrzynNazwa wymagana prawnie:Worki na śmieci"}], "images": ["data/images/ba9184764729ec18f118618736a2b3e2.jpg", "data/images/75ed26f0d9118787cb78b096f2b273ff.jpg", "data/images/59104e11ae30105c7889a5e43e06eefc.jpg"], "absolute_path": "Dla domu/Domowy niezbędnik/Worki na śmieci/Produkt 3"}
{"name": "Produkt 7", "url": "https://zakupy.biedronka.pl/jan-niezbedny-jan-niezbedny-worki-na-smieci-magnum-flex-and-strong-lawendowe-60-l-8-szt.-0000017139.html", "title": "Jan Niezbędny Worki na śmieci Magnum flex & strong lawendowe 60 l 8 szt.", "brand": "Jan Niezbędny", "price": "9.99 PLN", "packaging_details": "8szt.- 1,25 zł / szt", "description_sections": [{"header": "Opis produktu", "content": "Jan Niezbędny Worki na śmieci Magnum flex & strong lawendowe 60L 8sztNasze worki powstały po to, by w pełni spełnić Twoje oczekiwania i nie pękać w żadnej sytuacji. Możliwe jest to dzięki kilku innowacyjnym pomysłom.Worki na śmieci JAN Niezbędny Magnum Flex & Strong posiadają specjalną taśmę umożliwiającą zawiązanie ich, dzięki czemu są szczelnie zamknięte, a Ty masz jak je z łatwością przenieść.System Interleave to innowacja, dzięki której nie musisz odrywać worków od siebie, ryzykując ich rozdarcie. Wystarczy odwijać jeden worek za drugim.Etykiety na naszych produktach posiadają system, który ułatwia ich odpakowanie, a dzięki nadrukowanemu litrażowi na każdym worku z łatwością zidentyfikujesz ich rozmiar.Wybierając lawendowe worki na śmieci, zniwelujesz nieprzyjemne zapachy z kosza.JAN Niezbędny Magnum Flex & Strong – worki, które nie pękająChcesz w pełni wykorzystać pojemność kosza bez ryzyka, że worek na śmieci pęknie lub uniknie rozdarciu? Wybierz produkty z linii Magnum Flex & Strong!Możliwe jest to dzięki elastycznej i mocnej 3-warstwowej folii LDPE wykończonej innowacyjną technologią tłoczenia we wzór diamentu, którego budowa została dokładnie przemyślana. Drobne wgłębienia sprawiają, że worki rozciągają się i napinają przy nacisku od wewnątrz. Dzięki temu są bardzo elastyczne i odporne na rozdarcia oraz wycieki.Worki na śmieci JAN Niezbędny z linii Magnum Flex & Strong wykonane są z folii pochodzącej w 100% z recyklingu. Wybierając tak ekologiczny produkt, dbasz o środowisko. Worki na śmieci biodegradowalne JAN Niezbędny rozkładają się, więc nie szkodzą naturze.Litraż worków na śmieci JAN Niezbędny Magnum Flex & StrongProponujemy Magnum Flex & Strong w trzech najpopularniejszych pojemnościach:- worki na śmieci Jan Niezbędny 35 l,- worki na śmieci Jan Niezbędny 60 l,- worki na śmieci Jan Niezbędny 120 l.- w przypadku, gdy planujesz większe porządki, idealnie sprawdzają się worki na śmieci 240 l JAN Niezbędny. Są pojemne, wytrzymałe i elastyczne.JAN NiezbędnyŻyj wygodniej!"}, {"header": "Pozostałe informacje", "content": "Kraj pochodzenia:PolskaKraj pochodzenia zależy od konkretnej partii produktu jaka znajduje się w sklepie. Informację o kraju pochodzenia znajdziesz na opakowaniu. Możesz również dodać komentarz z preferowanym typem produktu w koszyku lub wiadomości dla shoppera (np. “prosze o pomidory polskie”).Producent:Sarantis Polska S.A.\nul. Puławska 42C,\n05-500 Piaseczno\nInfolinia: 801 800 023\nwww.janniezbedny.plDystrybutor:Sarantis Polska S.A.Puławska 42C 05-500 Piasecznopl-info@sarantisgroup.comNazwa wymagana prawnie:Jan Niezbędny Worki na śmieci Magnum flex & strong lawendowe 60L 8szt"}], "images": ["data/images/bbffacab6dfe84a8008a6bfd28d0e1f3.jpg"], "absolute_path": "Dla domu/Domowy niezbędnik/Worki na śmieci/Produkt 7"}
{"name": "Produkt 1", "url": "https://zakupy.biedronka.pl/queen-queen-reczniki-kuchenne-strong-2-szt.-0000002636.html", "title": "Queen Ręczniki kuchenne Strong 2 szt.", "brand": "Queen", "price": "8.49 PLN", "packaging_details": "2szt.- 4,25 zł / szt", "description_sections": [{"header": "Opis produktu", "content": "100% celulozy, niebielony chlorem pierwiastkowym, jakość testowana dermatologicznie i mikrobiologicznie, bezpieczny dla skóry, neutralne PH."}, {"header": "Pozostałe informacje", "content": "Kraj pochodzenia:Unia EuropejskaKraj pochodzenia zależy od konkretnej partii produktu jaka znajduje się w sklepie. Informację o kraju pochodzenia znajdziesz na opakowaniu. Możesz również dodać komentarz z preferowanym typem produktu w koszyku lub wiadomości dla shoppera (np. “prosze o pomidory polskie”).Nazwa wymagana prawnie:Ręczniki kuchenne"}], "images": ["data/images/1de0e2ce597855b2396faff0388958db.jpg"], "absolute_path": "Dla domu/Domowy niezbędnik/Akcesoria/Produkt 1"}
{"name": "Produkt 5", "url": "https://zakupy.biedronka.pl/zosia-samosia-zosia-samosia-worki-na-smieci-60-l-10-szt.-0000011247.html", "title": "Zosia Samosia Worki na śmieci 60 l 10 szt.", "brand": "Zosia Samosia", "price": "5.99 PLN", "packaging_details": "10szt.- 0,60 zł / szt", "description_sections": [{"header": "Pozostałe informacje", "content": "Dystrybutor:Jeronimo Martins Polska S.A.Żniwna 5 62-025 KostrzynNazwa wymagana prawnie:Worki na śmieci"}], "images": ["data/images/2c823022558ee794ea4533d164b69062.jpg", "data/images/423955079afec2be072bf6de4f79f564.jpg", "data/images/af56518ab52a7f67fb4c1cb035e6c41f.jpg"], "absolute_path": "Dla domu/Domowy niezbędnik/Worki na śmieci/Produkt 5"}
{"name": "Produkt 6", "url": "https://zakupy.biedronka.pl/zosia-samosia-zosia-samosia-worki-na-smieci-z-uszami-25-l-30-szt.--0000006002.html", "title": "Zosia Samosia Worki na śmieci z uszami 25 l 30 szt.", "brand": "Zosia Samosia", "price": "3.89 PLN", "packaging_details": "30szt.- 0,13 zł / szt", "description_sections": [{"header": "Opis produktu", "content": "Worki na śmieci z uszami umożliwiającymi szybkie zamknięcie i wygodne przenoszenie wypełnionego worka."}, {"header": "Pozostałe informacje", "content": "Kraj pochodzenia:WietnamKraj pochodzenia zależy od konkretnej partii produktu jaka znajduje się w sklepie. Informację o kraju pochodzenia znajdziesz na opakowaniu. Możesz również dodać komentarz z preferowanym typem produktu w koszyku lub wiadomości dla shoppera (np. “prosze o pomidory polskie”).Producent:CeDo Sp. z o.o.Dystrybutor:Jeronimo Martins Polska S.A.Żniwna 5 62-025 KostrzynImporter:Jeronimo Martins Polska S.A.Żniwna 5 62-025 Kostrzyn PLNazwa wymagana prawnie:Worki na śmieci z uszami"}], "images": ["data/images/56184c7015b68005844563555230a1ff.jpg", "data/images/321aa69c16f0fe499933444f5703e668.jpg"], "absolute_path": "Dla domu/Domowy niezbędnik/Worki na śmieci/Produkt 6"}
{"name": "Produkt 8", "url": "https://zakupy.biedronka.pl/jan-niezbedny-jan-niezbedny-worki-na-smieci-magnum-flex-and-strong-lawendowe-35-l-12-szt.-0000017143.html", "title": "Jan Niezbędny Worki na śmieci Magnum flex & strong lawendowe 35 l 12 szt.", "brand": "Jan Niezbędny", "price": "8.99 PLN", "packaging_details": "12szt.- 0,75 zł / szt", "description_sections": [{"header": "Opis produktu", "content": "Jan Niezbędny Worki na śmieci Magnum flex & strong lawendowe 35L 12sztNasze worki powstały po to, by w pełni spełnić Twoje oczekiwania i nie pękać w żadnej sytuacji. Możliwe jest to dzięki kilku innowacyjnym pomysłom.Worki na śmieci JAN Niezbędny Magnum Flex & Strong posiadają specjalną taśmę umożliwiającą zawiązanie ich, dzięki czemu są szczelnie zamknięte, a Ty masz jak je z łatwością przenieść.System Interleave to innowacja, dzięki której nie musisz odrywać worków od siebie, ryzykując ich rozdarcie. Wystarczy odwijać jeden worek za drugim.Etykiety na naszych produktach posiadają system, który ułatwia ich odpakowanie, a dzięki nadrukowanemu litrażowi na każdym worku z łatwością zidentyfikujesz ich rozmiar.Wybierając lawendowe worki na śmieci, zniwelujesz nieprzyjemne zapachy z kosza.JAN Niezbędny Magnum Flex & Strong – worki, które nie pękająChcesz w pełni wykorzystać pojemność kosza bez ryzyka, że worek na śmieci pęknie lub uniknie rozdarciu? Wybierz produkty z linii Magnum Flex & Strong!Możliwe jest to dzięki elastycznej i mocnej 3-warstwowej folii LDPE wykończonej innowacyjną technologią tłoczenia we wzór diamentu, którego budowa została dokładnie przemyślana. Drobne wgłębienia sprawiają, że worki rozciągają się i napinają przy nacisku od wewnątrz. Dzięki temu są bardzo elastyczne i odporne na rozdarcia oraz wycieki.Worki na śmieci JAN Niezbędny z linii Magnum Flex & Strong wykonane są z folii pochodzącej w 100% z recyklingu. Wybierając tak ekologiczny produkt, dbasz o środowisko. Worki na śmieci biodegradowalne JAN Niezbędny rozkładają się, więc nie szkodzą naturze.Litraż worków na śmieci JAN Niezbędny Magnum Flex & StrongProponujemy Magnum Flex & Strong w trzech najpopularniejszych pojemnościach:- worki na śmieci Jan Niezbędny 35 l,- worki na śmieci Jan Niezbędny 60 l,- worki na śmieci Jan Niezbędny 120 l.- w przypadku, gdy planujesz większe porządki, idealnie sprawdzają się worki na śmieci 240 l JAN Niezbędny. Są pojemne, wytrzymałe i elastyczne.JAN NiezbędnyŻyj wygodniej!"}, {"header": "Pozostałe informacje", "content": "Kraj pochodzenia:PolskaKraj pochodzenia zależy od konkretnej partii produktu jaka znajduje się w sklepie. Informację o kraju pochodzenia znajdziesz na opakowaniu. Możesz również dodać komentarz z preferowanym typem produktu w koszyku lub wiadomości dla shoppera (np. “prosze o pomidory polskie”).Producent:Sarantis Polska S.A.\nul. Puławska 42C,\n05-500 Piaseczno\nInfolinia: 801 800 023\nwww.janniezbedny.plDystrybutor:Sarantis Polska S.A.Puławska 42C 05-500 Piasecznopl-info@sarantisgroup.comNazwa wymagana prawnie:Jan Niezbędny Worki na śmieci Magnum flex & strong lawendowe 35L 12szt"}], "images": ["data/images/520572906550edab0db1e8711c65da72.jpg", "data/images/fc5c730c08aeb2d77c1df4129f4f038a.jpg"], "absolute_path": "Dla domu/Domowy niezbędnik/Worki na śmieci/Produkt 8"}
{"name": "Produkt 2", "url": "https://zakupy.biedronka.pl/queen-queen-reczniki-kuchenne-milla-2-x-96-listkow-0000002260.html", "title": "Queen Ręczniki kuchenne Milla 2 x 96 listków", "brand": "Queen", "price": "4.99 PLN", "packaging_details": "2szt.- 2,50 zł / szt", "description_sections": [{"header": "Opis produktu", "content": "100% celulozy, niebielony chlorem pierwiastkowym, jakość testowana dermatologicznie i mikrobiologicznie, bezpieczny dla skóry, neutralne pH."}, {"header": "Pozostałe informacje", "content": "Kraj pochodzenia:Unia EuropejskaKraj pochodzenia zależy od konkretnej partii produktu jaka znajduje się w sklepie. Informację o kraju pochodzenia znajdziesz na opakowaniu. Możesz również dodać komentarz z preferowanym typem produktu w koszyku lub wiadomości dla shoppera (np. “prosze o pomidory polskie”).Producent:Jeronimo Martins Polska S.A.Dystrybutor:Jeronimo Martins Polska S.A.Żniwna 5 62-025 KostrzynImporter:Jeronimo Martins Polska S.A.Żniwna 5 62-025 Kostrzyn PLNazwa wymagana prawnie:Ręczniki kuchenne"}], "images": ["data/images/f6fee389c92b08ee44e2fed7f1576030.jpg"], "absolute_path": "Dla domu/Domowy niezbędnik/Akcesoria/Produkt 2"}
{"name": "Produkt 4", "url": "https://zakupy.biedronka.pl/lumia-lumia-wklad-olejowy-do-zniczy-340-g-0000005272.html", "title": "Lumia Wkład olejowy do zniczy 340 g", "brand": "Lumia", "price": "6.49 PLN", "packaging_details": "0.34kg- 19,09 zł / kg", "description_sections": [{"header": "Opis produktu", "content": "WKŁAD OLEJOWY DO ZNICZY LUMIA 340G 1 SZT."}, {"header": "Pozostałe informacje", "content": "Kraj pochodzenia:PolskaKraj pochodzenia zależy od konkretnej partii produktu jaka znajduje się w sklepie. Informację o kraju pochodzenia znajdziesz na opakowaniu. Możesz również dodać komentarz z preferowanym typem produktu w koszyku lub wiadomości dla shoppera (np. “prosze o pomidory polskie”).Producent:BISPOL  SP. Z O.O.Głuchów 573 37-100 Łańcut PLDystrybutor:Bispol Sp. z o.o.Głuchów 573 37-100 ŁańcutNazwa wymagana prawnie:WKŁAD OLEJOWY DO ZNICZY LUMIA 340G 1 SZT."}], "images": ["data/images/cca48b6a813cda4fb743235e413d7d85.jpg", "data/images/ea6d550bb372e1bac6c1290c2c412d17.jpg"], "absolute_path": "Dla domu/Domowy niezbędnik/Akcesoria/Produkt 4"}
{"name": "Produkt 5", "url": "https://zakupy.biedronka.pl/zosia-samosia-zosia-samosia-woreczki-sniadaniowe-zawiazywane-120-szt.-0000005318.html", "title": "Zosia Samosia Woreczki śniadaniowe zawiązywane 120 szt.", "brand": "Zosia Samosia", "price": "2.69 PLN", "packaging_details": "120szt.- 0,02 zł / szt", "description_sections": [{"header": "Opis produktu", "content": "Góra woreczka w kształcie litery V umożliwia wygodne i szybkie zawiązywanie woreczka.Zamknięcie torebki chroni żywność przed wysychaniem.80% respondentów zadeklarowało, że kupiłoby i poleciło produkt znajomym**Na podstawie badania przeprowadzonego w październiku 2016 r. przez laboratorium badawcze J. S. Hamilton w warunkach domowych."}, {"header": "Pozostałe informacje", "content": "Kraj pochodzenia:WietnamKraj pochodzenia zależy od konkretnej partii produktu jaka znajduje się w sklepie. Informację o kraju pochodzenia znajdziesz na opakowaniu. Możesz również dodać komentarz z preferowanym typem produktu w koszyku lub wiadomości dla shoppera (np. “prosze o pomidory polskie”).Nazwa wymagana prawnie:Woreczki śniadaniowe"}], "images": ["data/images/1b97f133ed886cbd6d2425e60b35d28a.jpg"], "absolute_path": "Dla domu/Domowy niezbędnik/Akcesoria/Produkt 5"}
{"name": "Produkt 6", "url": "https://zakupy.biedronka.pl/zosia-samosia-zosia-samosia-rekawice-nitrylowe-rozmiar-m-10-szt.-0000022724.html", "title": "Zosia Samosia Rękawice nitrylowe rozmiar M 10 szt.", "brand": "Zosia Samosia", "price": "9.99 PLN", "packaging_details": "10szt.- 1,00 zł / szt", "description_sections": [{"header": "Opis produktu", "content": "Bezpudrowe rękawice nitrylowe jednokrotnego użytku. Posiadają atest do kontaktu z żywnością. Cienki i elastyczny materiał zapewnia komfort użytkowania. Idealne do ochrony dłoni przy wszelkiego rodzaju pracach domowych. Nie pozostawiają nieprzyjemnego zapachu na dłoniach. Nie wywołują reakcji alergicznych. Końcówki palców wykończone są delikatną strukturą zapobiegającą wyślizgiwaniu się trzymanych przedmiotów."}, {"header": "Pozostałe informacje", "content": "Dystrybutor:Jeronimo Martins Polska S.A.Żniwna 5 62-025 Kostrzyn PLImporter:Jeronimo Martins Polska S.A.Żniwna 5 62-025 Kostrzyn PLNazwa wymagana prawnie:Rękawice nitrylowe"}], "images": ["data/images/3969d87b2b2a2ca6fd4d52627b7da173.jpg"], "absolute_path": "Dla domu/Domowy niezbędnik/Akcesoria/Produkt 6"}
{"name": "Produkt 3", "url": "https://zakupy.biedronka.pl/lumia-lumia-wklad-olejowy-do-zniczy-240-g-0000002443.html", "title": "Lumia Wkład olejowy do zniczy 240 g", "brand": "LUMIA", "price": "4.95 PLN", "packaging_details": "0.24kg- 20,63 zł / kg", "description_sections": [{"header": "Opis produktu", "content": "WKŁAD OLEJOWY DO ZNICZY LUMIA 240G 1 SZT."}, {"header": "Pozostałe informacje", "content": "Kraj pochodzenia:PolskaKraj pochodzenia zależy od konkretnej partii produktu jaka znajduje się w sklepie. Informację o kraju pochodzenia znajdziesz na opakowaniu. Możesz również dodać komentarz z preferowanym typem produktu w koszyku lub wiadomości dla shoppera (np. “prosze o pomidory polskie”).Dystrybutor:Bispol Sp. z o.o.Głuchów 573 37-100 ŁańcutNazwa wymagana prawnie:WKŁAD OLEJOWY DO ZNICZY LUMIA 240G 1 SZT."}], "images": ["data/images/714de268935a6936b1c97eb5fc8f0c9b.jpg", "data/images/93adf21fb9b81caa0b763dfec5cfb359.jpg"], "absolute_path": "Dla domu/Domowy niezbędnik/Akcesoria/Produkt 3"}
{"name": "Produkt 9", "url": "https://zakupy.biedronka.pl/zosia-zosia-zmywaki-kuchenne-10-szt.-0000003179.html", "title": "Zosia Zmywaki kuchenne 10 szt.", "brand": "Zosia", "price": "2.99 PLN", "packaging_details": "10szt.- 0,30 zł / szt", "description_sections": [{"header": "Opis produktu", "content": "Zmywaki kuchenne:- trwałe i uniwersalne,- z warstwą do szorowania,- do zmywania i czyszczenia"}, {"header": "Pozostałe informacje", "content": "Nazwa wymagana prawnie:Zmywaki kuchenne"}], "images": ["data/images/e04ac792d73954ff7aff34995d7b9ccb.jpg"], "absolute_path": "Dla domu/Domowy niezbędnik/Akcesoria/Produkt 9"}
{"name": "Produkt 11", "url": "https://zakupy.biedronka.pl/zosia-samosia-zosia-samosia-papier-sniadaniowy-100-szt.-23x32-cm-0000000964.html", "title": "Zosia Samosia Papier śniadaniowy 100 szt. 23x32 cm", "brand": "Zosia Samosia", "price": "3.49 PLN", "packaging_details": "100szt.- 0,03 zł / szt", "description_sections": [{"header": "Opis produktu", "content": "Zachowuje aromat świeżych produktów.Doskonały do pakowania pieczywa oraz kanapek.Wygodny i łatwy w użyciu.Naturalna celuloza bez rozjaśniaczy optycznych."}, {"header": "Pozostałe informacje", "content": "Kraj pochodzenia:PolskaKraj pochodzenia zależy od konkretnej partii produktu jaka znajduje się w sklepie. Informację o kraju pochodzenia znajdziesz na opakowaniu. Możesz również dodać komentarz z preferowanym typem produktu w koszyku lub wiadomości dla shoppera (np. “prosze o pomidory polskie”).Nazwa wymagana prawnie:Papier śniadaniowy w arkuszach"}], "images": ["data/images/6babeb06047ad121c32ecc9ac0746b31.jpg", "data/images/73195fc37c297e6456628b94c92eab6a.jpg"], "absolute_path": "Dla domu/Domowy niezbędnik/Akcesoria/Produkt 11"}
{"name": "Produkt 7", "url": "https://zakupy.biedronka.pl/zosia-samosia-zosia-samosia-papier-do-pieczenia-20-m-0000002114.html", "title": "Zosia Samosia Papier do pieczenia 20 m", "brand": "Zosia Samosia", "price": "7.99 PLN", "packaging_details": "20m- 0,40 zł / mtr", "description_sections": [{"header": "Opis produktu", "content": "Obustronnie silikonowany.Zapobiega przywieraniu i przypalaniu, niebielony.Nie wymaga natłuszczania formy."}, {"header": "Pozostałe informacje", "content": "Nazwa wymagana prawnie:Papier do pieczenia 20 m"}], "images": ["data/images/43f780575939492146756d44c3da4ba3.jpg", "data/images/cb1e4874994da6cc8eaa08e22116144d.jpg", "data/images/a4cba10aff07f392b59424522134db1c.jpg"], "absolute_path": "Dla domu/Domowy niezbędnik/Akcesoria/Produkt 7"}
{"name": "Produkt 8", "url": "https://zakupy.biedronka.pl/zosia-samosia-zosia-samosia-papier-do-pieczenia-w-arkuszach-38x42-cm-20-szt.-0000014453.html", "title": "Zosia Samosia Papier do pieczenia w arkuszach 38x42 cm 20 szt.", "brand": "Zosia Samosia", "price": "4.99 PLN", "packaging_details": "20szt.- 0,25 zł / szt", "description_sections": [{"header": "Opis produktu", "content": "· Obustronnie silikonowanyZapobiega przywieraniu i przypalaniu, niebielony· Nie wymaga natłuszczania formy· Łatwy w użyciu, nie wymaga odcinania· Standardowy rozmiar 38 x 42 cm pasujedo większości blach i foremek"}, {"header": "Pozostałe informacje", "content": "Producent:Quickpack Polska Sp. z o.o.Dystrybutor:Jeronimo Martins Polska S.A.Żniwna 5 62-025 KostrzynImporter:Jeronimo Martins Polska S.A.Żniwna 5 62-025 Kostrzyn PLNazwa wymagana prawnie:Papier do pieczenia w arkuszach"}], "images": ["data/images/14b0a8932473934ff490b9050fd913a8.jpg", "data/images/c5ef90587fe34f4965526d992b234c72.jpg"], "absolute_path": "Dla domu/Domowy niezbędnik/Akcesoria/Produkt 8"}
{"name": "Produkt 10", "url": "https://zakupy.biedronka.pl/mr-magic-mr-magic-dezynfekujace-chusteczki-nawilzane-do-okularow-i-ekranow-dotykowych-60-szt.-0000002902.html", "title": "Mr Magic Dezynfekujące chusteczki nawilżane do okularów i ekranów dotykowych 60 szt.", "brand": "Mr Magic", "price": "6.19 PLN", "packaging_details": "1szt.- 6,19 zł / szt", "description_sections": [{"header": "Pozostałe informacje", "content": "Dystrybutor:Jeronimo Martins Polska S.A.Żniwna 5 62-025 KostrzynNazwa wymagana prawnie:Chusteczki nasączone płynem dezynfekującym; przeznaczone do czyszczenia i dezynfekcji okularów i ekranów dotykowych: smartfonów, tabletów, ekranów laptopów, paneli dotykowych w samochodach. Produkt wykazuje działanie bakteriobójcze, drożdżakobójcze."}], "images": ["data/images/f65184cfb7f03770812f1d631031c760.jpg", "data/images/078dfc93b5b280a4655dcaa9319c4b1b.jpg", "data/images/e2bfab9297548793a63261c7c2ab83a2.jpg"], "absolute_path": "Dla domu/Domowy niezbędnik/Akcesoria/Produkt 10"}
{"name": "Produkt 15", "url": "https://zakupy.biedronka.pl/velvet-recznik-papierowy-velvet-turbo-1-szt.-0000014389.html", "title": "Ręcznik Papierowy Velvet Turbo 1 szt.", "brand": "Velvet", "price": "11.99 PLN", "packaging_details": "1szt.- 11,99 zł / szt", "description_sections": [{"header": "Opis produktu", "content": "3 warstwowy, wytrzymały, chłonny ręcznik. Giga rolka."}, {"header": "Pozostałe informacje", "content": "Kraj pochodzenia:PolskaKraj pochodzenia zależy od konkretnej partii produktu jaka znajduje się w sklepie. Informację o kraju pochodzenia znajdziesz na opakowaniu. Możesz również dodać komentarz z preferowanym typem produktu w koszyku lub wiadomości dla shoppera (np. “prosze o pomidory polskie”).Dystrybutor:Jeronimo Martins Polska S.A.Żniwna 5 62-025 Kostrzyn PLImporter:Jeronimo Martins Polska S.A.Żniwna 5 62-025 Kostrzyn PLNazwa wymagana prawnie:Ręcznik Papierowy Velvet Turbo szt. 1"}], "images": ["data/images/3b456d54fa5c77409239eb9c2c3d00f7.jpg"], "absolute_path": "Dla domu/Domowy niezbędnik/Akcesoria/Produkt 15"}
{"name": "Produkt 12", "url": "https://zakupy.biedronka.pl/zosia-samosia-zosia-samosia-folia-aluminiowa-z-tloczeniem-30-m-0000013070.html", "title": "Zosia Samosia Folia aluminiowa z tłoczeniem 30 m", "brand": "Zosia Samosia", "price": "9.99 PLN", "packaging_details": "30m- 0,33 zł / mtr", "description_sections": [{"header": "Opis produktu", "content": "Utrzymuje świeżość i naturalny smak spakowanych produktów.Nadaje się do pieczenia i grillowania potraw.Żaroodporna i wytrzymała na rozerwanie."}, {"header": "Pozostałe informacje", "content": "Dystrybutor:Jeronimo Martins Polska S.A.Żniwna 5 62-025 Kostrzyn PLImporter:Jeronimo Martins Polska S.A.Żniwna 5 62-025 Kostrzyn PLNazwa wymagana prawnie:Folia aluminiowa"}], "images": ["data/images/44ac33e02516395826a12ec2cae7fb69.jpg", "data/images/1ca98dcbe3b63ad032f24ff9901ed5ff.jpg"], "absolute_path": "Dla domu/Domowy niezbędnik/Akcesoria/Produkt 12"}
{"name": "Produkt 13", "url": "https://zakupy.biedronka.pl/lumia-lumia-zapalniczka-0000002354.html", "title": "Lumia Zapalniczka", "brand": "Lumia", "price": "1.29 PLN", "packaging_details": "1szt.- 1,29 zł / szt", "description_sections": [{"header": "Pozostałe informacje", "content": "Producent:CK Complex Sp. z o.o.Dystrybutor:Jeronimo Martins Polska S.A.Żniwna 5 62-025 KostrzynImporter:Jeronimo Martins Polska S.A.Żniwna 5 62-025 Kostrzyn PLNazwa wymagana prawnie:Zapalniczka LUMIA"}], "images": ["data/images/27bd03e65c651797e17eccbdfd636370.jpg", "data/images/66ffe7efd00ba1a3e6b00ce5c6f6f96e.jpg"], "absolute_path": "Dla domu/Domowy niezbędnik/Akcesoria/Produkt 13"}
{"name": "Produkt 16", "url": "https://zakupy.biedronka.pl/jan-niezbedny-jan-niezbedny-folia-aluminiowa-tloczona-10-m-0000013564.html", "title": "Jan Niezbędny Folia aluminiowa tłoczona 10 m", "brand": "Jan Niezbędny", "price": "2.99 PLN", "packaging_details": "10m- 0,30 zł / mtr", "description_sections": [{"header": "Przechowywanie i sposób przygotowania", "content": "Sposób podania:Folii nie należy używać do kontaktu z żywnością wysoce słoną oraz o odczynie bardzo kwasowym i zasadowym (np. cytryna, sól, ocet). Folia nie powinna mieć kontaktu z elektrycznością, nie nadaje się do użytku w kuchence mikrofalowej. Folia nie powinna być używana w temperaturze wyższej niż 250 °C przez dłużej niż 2 godziny. Folia może być używana w zamrażarce."}, {"header": "Pozostałe informacje", "content": "Producent:Sarantis Polska S.A.\nul. Puławska 42 C,\n05-500 Piaseczno\nwww.janniezbedny.plDystrybutor:Sarantis Polska S.A.ul. Puławska 42 C 05-500 PiasecznoNazwa wymagana prawnie:Jan Niezbędny Folia aluminiowa tłoczona 10 m"}], "images": ["data/images/7990e240e731ce2d0096971ae130f634.jpg"], "absolute_path": "Dla domu/Domowy niezbędnik/Akcesoria/Produkt 16"}
{"name": "Produkt 14", "url": "https://zakupy.biedronka.pl/dafi-dafi-classic-standard-filtr-do-wody-1-szt.-0000011270.html", "title": "Dafi Classic Standard Filtr do wody 1 szt.", "brand": "Dafi", "price": "11.99 PLN", "packaging_details": "1szt.- 11,99 zł / szt", "description_sections": [{"header": "Opis produktu", "content": "DAFI Filtr Classic to starszy model filtra – sprawdzony i dopracowanyw każdym detalu, by skutecznie poprawiać jakość wody. Jego dodatkowym atutem jest fakt, że pasuje również do dzbanków innych producentów.Filtr Classic jest przeznaczony dla osób, których zapotrzebowanie na filtrowaną wodę nie jest bardzo duże. System Classic to dobre rozwiązanie dla tych, którzy używają filtrowanej wody głównie do gotowaniaw czajniku i parzenia na jej bazie kawy oraz herbaty. Ważne jest, by filtry Classic wymieniać regularnie co 30 dni, co służy skuteczności i higienie filtrowania. Filtr Dafi Classic zapewnia do 150 litrów krystalicznie czystej wody."}, {"header": "Pozostałe informacje", "content": "Kraj pochodzenia:PolskaKraj pochodzenia zależy od konkretnej partii produktu jaka znajduje się w sklepie. Informację o kraju pochodzenia znajdziesz na opakowaniu. Możesz również dodać komentarz z preferowanym typem produktu w koszyku lub wiadomości dla shoppera (np. “prosze o pomidory polskie”).Producent:FORMASTER S.ADystrybutor:FORMASTER S.AFABRYCZNA 24 25-818 KIELCEbartosz.mrozik@formaster.comImporter:FORMASTER S.AFABRYCZNA 24 25-818 KIELCE PLbartosz.mrozik@formaster.comNazwa wymagana prawnie:Filtr do wody Dafi Classic Standard"}], "images": ["data/images/5e7865a4ff32092c7680e594af76c56a.jpg", "data/images/9041a45bc0e99ce4e66b39b5cd2cf75b.jpg"], "absolute_path": "Dla domu/Domowy niezbędnik/Akcesoria/Produkt 14"}
{"name": "Produkt 3", "url": "https://zakupy.biedronka.pl/gerber-gerber-obiadek-kurczak-w-potrawce-z-jarzynkami-po-6-miesiacu-190-g-0000001614.html", "title": "Gerber Obiadek Kurczak w potrawce z jarzynkami po 6 miesiącu 190 g", "brand": "Gerber", "price": "6.99 PLN", "packaging_details": "0.19kg- 36,79 zł / kg", "description_sections": [{"header": "Opis produktu", "content": "Zbilansowane danie obiadowe dla dziecka po 6. miesiącu życia: kurczak w potrawce z warzywami. Zapoznaj dziecko z nowym smakiem, podając potrawkę z kurczaka."}, {"header": "Składniki i alergeny", "content": "Składniki:marchew (30%), woda, ziemniaki (19%), mięso z kurczaka (12%), dynia (10%), skrobia kukurydziana, olej rzepakowy, koperek - natka (0,8%). (Warzywa ogółem: 40,8%)."}, {"header": "Pozostałe informacje", "content": "Kraj pochodzenia:PolskaKraj pochodzenia zależy od konkretnej partii produktu jaka znajduje się w sklepie. Informację o kraju pochodzenia znajdziesz na opakowaniu. Możesz również dodać komentarz z preferowanym typem produktu w koszyku lub wiadomości dla shoppera (np. “prosze o pomidory polskie”).Dystrybutor:Jeronimo Martins Polska S.A.Żniwna 5 62-025 Kostrzyn PLImporter:Jeronimo Martins Polska S.A.Żniwna 5 62-025 Kostrzyn PLNazwa wymagana prawnie:Gerber Obiadek Kurczak w potrawce z jarzynkami po 6 miesiącu 190 g"}], "images": ["data/images/2fcde2faf12bf4f11dc383e3ec41f112.jpg"], "absolute_path": "Dla dzieci/Jedzenie dla dzieci/Dania w słoikach/Produkt 3"}
{"name": "Produkt 5", "url": "https://zakupy.biedronka.pl/gerber-gerber-wiosenna-zupka-z-indykiem-i-koperkiem-po-6-miesiacu-190-g-0000002641.html", "title": "Gerber Wiosenna zupka z indykiem i koperkiem po 6 miesiącu 190 g", "brand": "Gerber", "price": "6.59 PLN", "packaging_details": "0.19kg- 34,68 zł / kg", "description_sections": [{"header": "Opis produktu", "content": "Warzywna zupka, wzbogacona o mięso z indyka i doprawiona świeżym koperkiem. Przeznaczona dla niemowląt po 6. miesiącu życia. Dobrze sprawdzi się nie tylko w ramach dania obiadowego, ale i kolacji."}, {"header": "Składniki i alergeny", "content": "Składniki:woda (użyta do przyrządzenia) marchew (31%) ziemniaki (15%) kalafior mięso z indyka (8%) skrobia kukurydziana olej roślinny koperek (0,8%) (warzywa ogółem 56,8%)Inne informacje o zawartości produktu:Zawiera surowce GMO:Nie"}, {"header": "Wartość odżywcza", "content": "W 100 gWartość energetyczna kcal55 kcalZawartość tłuszczów (ogólnie)2.2 gKwasy tłuszczowe nasycone0.2 gZawartość węglowodanów6.1 gCukry1.3 gZawartość białek2.1 gZawartość soli0.05 g"}, {"header": "Pozostałe informacje", "content": "Kraj pochodzenia:PolskaKraj pochodzenia zależy od konkretnej partii produktu jaka znajduje się w sklepie. Informację o kraju pochodzenia znajdziesz na opakowaniu. Możesz również dodać komentarz z preferowanym typem produktu w koszyku lub wiadomości dla shoppera (np. “prosze o pomidory polskie”).Producent:Nestlé Polska S.A.\nul. Domaniewska 32\n02-672 WarszawaDystrybutor:Nestle Polska S.ADomaniewska 32 02-672 Warszawacs@pl.nestle.comNazwa wymagana prawnie:Wiosenna zupka z indykiem i koperkiem. Produkt utrwalony termicznie, sterylizowany."}], "images": ["data/images/61c7a6a9a1397dc9f5a5e688f76b4380.jpg"], "absolute_path": "Dla dzieci/Jedzenie dla dzieci/Dania w słoikach/Produkt 5"}
{"name": "Produkt 4", "url": "https://zakupy.biedronka.pl/hipp-hipp-bio-dynia-z-jablkiem-i-indykiem-po-5.-miesiacu-190-g-0000002554.html", "title": "HiPP BIO Dynia z jabłkiem i indykiem po 5. miesiącu 190 g", "brand": "HiPP", "price": "6.99 PLN", "packaging_details": "0.19kg- 36,79 zł / kg", "description_sections": [{"header": "Opis produktu", "content": "Produkt z certyfikatem ekologicznym. Znak HiPP BIO to gwarancja najwyższej jakości ekologicznej - jeszcze wyższej niż wymagana przepisami prawa. hipp.pl\\bio-od-pokolen- bez dodatku soli - naturalny, delikatny smak- kwas alfa-linolenowy (ALA) z grupy Omega-3 - ważny dla rozwoju mózgu i komórek nerwowych- zgodnie z przepisami prawa żywność dla niemowląt i małych dzieci nie zawiera substancji konserwujących i barwników; bez aromatówZadbaj o zrównoważoną dietę oraz zdrowy tryb życia swojego dziecka.Subrand:BIO"}, {"header": "Składniki i alergeny", "content": "Składniki:dynia* 50 %,woda,ziemniaki*,jabłka* 10 %,mięso z indyka* 8,0 %,olej rzepakowy* 1,5 %,*z rolnictwa ekologicznegoAlergeny:Nie zawiera Zboża zawierające glutenInne informacje o zawartości produktu:Barwniki:Nie zawiera, \n\nSmaki / Aromaty:Nie zawiera, \n\nkonserwanty:Nie zawiera"}, {"header": "Wartość odżywcza", "content": "W 100 gWartość energetyczna59 kcalTłuszcz2.4 gw tym kwasy tłuszczowe nasycone0.4 gw tym kwasy tłuszczowe jednonienasycone1.2 gw tym kwasy tłuszczowe wielonienasycone0.8 gWęglowodany6.3 gw tym cukry3.5 gBłonnik1.3 gBiałko2.4 gSól0.05 gWitaminy i składniki mineralnew 100  g% RWS w 100  gKwas alfa-linolenowy0.14 g0%Sód0.02 g0%Kwasy Omega3WartośćKwas alfa-linolenowy0.14 g/100  g"}, {"header": "Przechowywanie i sposób przygotowania", "content": "Sposób podania:Sposób użycia:Otwarty słoiczek z całą zawartością lub odpowiednią porcję przełożoną do miseczki podgrzej w kąpieli wodnej lub kuchence mikrofalowej, wymieszaj i sprawdź temperaturę. Pozostałą, niepodgrzaną zawartość słoiczka zamknij, wstaw do lodówki i zużyj następnego dnia. Nie używaj metalowej łyżeczki, aby nie uszkodzić słoiczka.Jakość tego produktu w momencie opuszczania zakładu produkcyjnego była bez zarzutu - przed użyciem upewnij się, że słoiczek nie został naruszony. Nie używaj, jeśli środek wieczka się ugina. Bezpieczne zamknięcie próżniowe - klika przy pierwszym otwarciu."}, {"header": "Pozostałe informacje", "content": "Kraj pochodzenia:Produkt UEKraj pochodzenia zależy od konkretnej partii produktu jaka znajduje się w sklepie. Informację o kraju pochodzenia znajdziesz na opakowaniu. Możesz również dodać komentarz z preferowanym typem produktu w koszyku lub wiadomości dla shoppera (np. “prosze o pomidory polskie”).Producent:Wyprodukowano dla \nHiPP Polska Sp. z o.o.,\nul. Giełdowa 1,\n01-211 Warszawa,\nwww.hipp.plNazwa wymagana prawnie:Dynia z jabłkiem i indykiem. Produkt utrwalony termicznie - sterylizowany."}], "images": ["data/images/909a2fa82e976a75c02be03318d44649.jpg"], "absolute_path": "Dla dzieci/Jedzenie dla dzieci/Dania w słoikach/Produkt 4"}
{"name": "Produkt 2", "url": "https://zakupy.biedronka.pl/gerber-gerber-obiadek-bukiet-jarzyn-z-cielecina-i-kluseczkami-po-8-miesiacu-190-g-0000001612.html", "title": "Gerber Obiadek Bukiet jarzyn z cielęciną i kluseczkami po 8 miesiącu 190 g", "brand": "Gerber", "price": "6.99 PLN", "packaging_details": "0.19kg- 36,79 zł / kg", "description_sections": [{"header": "Opis produktu", "content": "Pełnowartościowy obiadek dla niemowląt po 8. miesiącu życia. Zawiera warzywa (marchew, kukurydza), ziemniaki, makaron i cielęcinkę. Mnogość jego składników sprzyja akceptacji różnorodnych smaków, a częściowo rozdrobniona konsystencja, z wyczuwalnymi grudkami, sprzyja nauce żucia i gryzienia."}, {"header": "Składniki i alergeny", "content": "Składniki:marchew (36%), woda, pietruszka, kukurydza (9%), mięso cielęce (8%), ziemniaki, makaron (mąka zpszenicydurum, woda) (2%), skrobia kukurydziana, olej rzepakowy, pietruszka - natka, (Warzywa ogółem 55,3%)"}, {"header": "Pozostałe informacje", "content": "Kraj pochodzenia:PolskaKraj pochodzenia zależy od konkretnej partii produktu jaka znajduje się w sklepie. Informację o kraju pochodzenia znajdziesz na opakowaniu. Możesz również dodać komentarz z preferowanym typem produktu w koszyku lub wiadomości dla shoppera (np. “prosze o pomidory polskie”).Dystrybutor:Jeronimo Martins Polska S.A.Żniwna 5 62-025 Kostrzyn PLImporter:Jeronimo Martins Polska S.A.Żniwna 5 62-025 Kostrzyn PLNazwa wymagana prawnie:Bukiet jarzyn z cielęciną i kluseczkami. Produkt utrwalony termicznie, sterylizowany."}], "images": ["data/images/7cca5b749d66b5301a95a6443ddc53c5.jpg"], "absolute_path": "Dla dzieci/Jedzenie dla dzieci/Dania w słoikach/Produkt 2"}
{"name": "Produkt 1", "url": "https://zakupy.biedronka.pl/hipp-hipp-potrawka-z-ziemniaczkami-i-krolikiem-po-5.-miesiacu-190-g-0000002555.html", "title": "HiPP Potrawka z ziemniaczkami i królikiem po 5. miesiącu 190 g", "brand": "HiPP", "price": "6.99 PLN", "packaging_details": "0.19kg- 36,79 zł / kg", "description_sections": [{"header": "Opis produktu", "content": "Wyselekcjonowane surowce i ponad 260 kontroli każdego słoiczka są gwarancją wysokiej jakości produktów HiPP.- bez dodatku soli - naturalny, delikatny smak- kwas alfa-linolenowy (ALA) z grupy Omega-3 - ważny dla rozwoju mózgu i komórek nerwowych- zgodnie z przepisami prawa żywność dla niemowląt i małych dzieci nie zawiera substancji konserwujących i barwników- bez aromatówZadbaj o zrównoważoną dietę oraz zdrowy tryb życia swojego dziecka."}, {"header": "Składniki i alergeny", "content": "Składniki:woda,ziemniaki 39 %,mięso z królika 8,0 %,koperwłoski5 %,olej rzepakowy 2,4 %,skrobia ryżowa,cebulaAlergeny:Nie zawiera Zboża zawierające glutenInne informacje o zawartości produktu:Barwniki:Nie zawiera, \n\nSmaki / Aromaty:Nie zawiera, \n\nkonserwanty:Nie zawiera"}, {"header": "Wartość odżywcza", "content": "W 100 gWartość energetyczna65 kcalTłuszcz2.8 gw tym kwasy tłuszczowe nasycone0.3 gw tym kwasy tłuszczowe jednonienasycone1.6 gw tym kwasy tłuszczowe wielonienasycone0.8 gWęglowodany7.3 gw tym cukry0.4 gBiałko2.3 gSól0.05 gWitaminy i składniki mineralnew 100  g% RWS w 100  gKwas alfa-linolenowy0.19 g0%Sód0.02 g0%Kwasy Omega3WartośćKwas alfa-linolenowy0.19 g/100  g"}, {"header": "Przechowywanie i sposób przygotowania", "content": "Sposób podania:Sposób użycia:Pełnowartościowy posiłek. Otwarty słoiczek z całą zawartością lub odpowiednią porcję przełożoną do miseczki podgrzej w kąpieli wodnej lub kuchence mikrofalowej, wymieszaj i sprawdź temperaturę. Pozostałą, niepodgrzaną zawartość słoiczka zamknij, wstaw do lodówki i zużyj następnego dnia. Nie używaj metalowej łyżeczki, aby nie uszkodzić słoiczka.Jakość tego produktu w momencie opuszczania zakładu produkcyjnego była bez zarzutu - przed użyciem upewnij się, że słoiczek nie został naruszony. Nie używaj, jeśli środek wieczka się ugina. Bezpieczne zamknięcie próżniowe - klika przy pierwszym otwarciu."}, {"header": "Pozostałe informacje", "content": "Kraj pochodzenia:Produkt UEKraj pochodzenia zależy od konkretnej partii produktu jaka znajduje się w sklepie. Informację o kraju pochodzenia znajdziesz na opakowaniu. Możesz również dodać komentarz z preferowanym typem produktu w koszyku lub wiadomości dla shoppera (np. “prosze o pomidory polskie”).Producent:Wyprodukowano dla\nHiPP Polska Sp. z o.o.,\nul. Giełdowa 1,\n01-211 Warszawa,\nwww.hipp.plNazwa wymagana prawnie:Potrawka z ziemniaczkami i królikiem. Produkt utrwalony termicznie - sterylizowany."}], "images": ["data/images/87d56572e24994718be032884ac55445.jpg"], "absolute_path": "Dla dzieci/Jedzenie dla dzieci/Dania w słoikach/Produkt 1"}
{"name": "Produkt 8", "url": "https://zakupy.biedronka.pl/gerber-gerber-jablka-banany-z-kremowym-twarozkiem-po-6-miesiacu-190-g-0000004735.html", "title": "Gerber Jabłka, banany z kremowym twarożkiem po 6 miesiącu 190 g", "brand": "Gerber", "price": "6.59 PLN", "packaging_details": "0.19kg- 34,68 zł / kg", "description_sections": [{"header": "Opis produktu", "content": "Kompozycja owoców (jabłka, banany, mango, winogrona) z dodatkiem soku cytrynowego i kremowego twarożku."}, {"header": "Składniki i alergeny", "content": "Składniki:jabłka i sok jabłkowy (44%), banany (26%), twarożek zmleka(15%), zagęszczone mango i sok winogronowy, skrobia kukurydziana, zagęszczony sok cytrynowy, witamina CAlergeny:Mleko i produkty pochodne (łącznie z laktozą)Inne informacje o zawartości produktu:Zawiera surowce GMO:Nie"}, {"header": "Wartość odżywcza", "content": "W 100 gWartość energetyczna kcal85 kcalZawartość tłuszczów (ogólnie)0.6 gKwasy tłuszczowe nasycone0.3 gZawartość węglowodanów17 gCukry13.3 gZawartość błonnika1.7 gZawartość białek2.1 gZawartość soli0.02 gWitaminy i składniki mineralnew 100 g% RWS w 100 gWitamina C10 mg0%Witamina C (%RWS)40 %RWS0%"}, {"header": "Pozostałe informacje", "content": "Kraj pochodzenia:PolskaKraj pochodzenia zależy od konkretnej partii produktu jaka znajduje się w sklepie. Informację o kraju pochodzenia znajdziesz na opakowaniu. Możesz również dodać komentarz z preferowanym typem produktu w koszyku lub wiadomości dla shoppera (np. “prosze o pomidory polskie”).Dystrybutor:Nestle Polska S.ADomaniewska 32 02-672 Warszawacs@pl.nestle.comNazwa wymagana prawnie:Jabłka, banany kremowym twarożkiem. Produkt utrwalony termicznie, pasteryzowany."}], "images": ["data/images/54bed124295583d0ae436534beb811e5.jpg"], "absolute_path": "Dla dzieci/Jedzenie dla dzieci/Dania w słoikach/Produkt 8"}
{"name": "Produkt 7", "url": "https://zakupy.biedronka.pl/gerber-gerber-zupka-pomidorowa-z-ryzem-i-indykiem-dla-dzieci-po-8-miesiacu-190-g-0000002639.html", "title": "Gerber Zupka pomidorowa z ryżem i indykiem dla dzieci po 8 miesiącu 190 g", "brand": "Gerber", "price": "6.59 PLN", "packaging_details": "0.19kg- 34,68 zł / kg", "description_sections": [{"header": "Opis produktu", "content": "Połączenie warzyw z ryżem i mięsem indyka to doskonały pomysł na posiłek obiadowy dla dziecka po 8. miesiącu życia, który pomoże oswoić maluszka z nowymi smakami i konsystencją.Żywność przeznaczona dla niemowląt i małych dzieci.Zgodnie z przepisami prawa nie zawiera substancji konserwujących i barwników."}, {"header": "Składniki i alergeny", "content": "Składniki:marchew (36%), woda, przecier pomidorowy (16,8%), mięso z indyka (8%), ryż (3%), cebula, skrobia kukurydziana, olej rzepakowy, pietruszka - natka (0,08%), Warzywa ogółem 54,8%)Inne informacje o zawartości produktu:Zawiera surowce GMO:Nie"}, {"header": "Wartość odżywcza", "content": "W 100 gWartość energetyczna kcal57 kcalZawartość tłuszczów (ogólnie)2.2 gKwasy tłuszczowe nasycone0.3 gZawartość węglowodanów6.4 gCukry2.4 gZawartość błonnika1.6 gZawartość białek2.2 gZawartość soli0.06 g"}, {"header": "Przechowywanie i sposób przygotowania", "content": "Sposób przygotowania:Sposób przygotowania:- Potrzebną porcję przełóż do miseczki.- Podawaj po lekkim podgrzaniu.- Przed podaniem wymieszaj i sprawdź temperaturę produktu.Sposób podania:Zamknięte słoiki przechowuj w temperaturze pokojowej. Po otwarciu produkt przechowuj w zamkniętym słoiku w lodówce nie dłużej niż 24 godziny."}, {"header": "Pozostałe informacje", "content": "Kraj pochodzenia:PolskaKraj pochodzenia zależy od konkretnej partii produktu jaka znajduje się w sklepie. Informację o kraju pochodzenia znajdziesz na opakowaniu. Możesz również dodać komentarz z preferowanym typem produktu w koszyku lub wiadomości dla shoppera (np. “prosze o pomidory polskie”).Producent:Nestlé Polska S.A.\nul. Domaniewska 32\n02-672 WarszawaDystrybutor:Nestle Polska S.ADomaniewska 32 02-672 Warszawacs@pl.nestle.comNazwa wymagana prawnie:Zupka pomidorowa z ryżem i indykiem. Produkt utrwalony termicznie, sterylizowany."}], "images": ["data/images/9fb4fab1639993cf024c469a72a54bab.jpg"], "absolute_path": "Dla dzieci/Jedzenie dla dzieci/Dania w słoikach/Produkt 7"}
{"name": "Produkt 10", "url": "https://zakupy.biedronka.pl/gerber-gerber-obiadek-jarzynki-z-delikatnym-schabem-po-8-miesiacu-190-g-0000001613.html", "title": "Gerber Obiadek Jarzynki z delikatnym schabem po 8 miesiącu 190 g", "brand": "Gerber", "price": "6.99 PLN", "packaging_details": "0.19kg- 36,79 zł / kg", "description_sections": [{"header": "Opis produktu", "content": "Propozycja dania obiadowego, inspirowanego kuchnią polską, stworzona z myślą o maluchach po 8. miesiącu życia. Stanowi połączenie warzyw (marchew, pietruszka, zielony groszek) z ziemniakami, makaronem i schabem. Wszystko to dostosowane do potrzeb małych brzuszków."}, {"header": "Składniki i alergeny", "content": "Składniki:woda, marchew (27%), pietruszka, zielony groszek (10%), schab (8%), ziemniaki (8%), skrobia kukurydziana, olej rzepakowy niskoerukowy, makaron (mąka zpszenicydurum, woda)Jarzyny: ogółem 57%Zgodnie z przepisami prawa nie zawiera substancji konserwujących i barwników."}, {"header": "Pozostałe informacje", "content": "Kraj pochodzenia:PolskaKraj pochodzenia zależy od konkretnej partii produktu jaka znajduje się w sklepie. Informację o kraju pochodzenia znajdziesz na opakowaniu. Możesz również dodać komentarz z preferowanym typem produktu w koszyku lub wiadomości dla shoppera (np. “prosze o pomidory polskie”).Nazwa wymagana prawnie:Jarzynki z delikatnym schabem. Produkt utrwalony termicznie, sterylizowany."}], "images": ["data/images/eca0ca594840b361eb96165c6800f0a4.jpg"], "absolute_path": "Dla dzieci/Jedzenie dla dzieci/Dania w słoikach/Produkt 10"}
{"name": "Produkt 6", "url": "https://zakupy.biedronka.pl/gerber-gerber-jabluszka-z-truskawkami-i-jagodami-po-8-miesiacu-190-g-0000004733.html", "title": "Gerber Jabłuszka z truskawkami i jagodami po 8 miesiącu 190 g", "brand": "Gerber", "price": "6.59 PLN", "packaging_details": "0.19kg- 34,68 zł / kg", "description_sections": [{"header": "Opis produktu", "content": "Aromatyczny przecier z jabłek, truskawek i jagód, stworzony z myślą o niemowlętach powyżej 8. miesiąca życia. Jego słodycz jest zasługą wyłącznie naturalnie występujących w owocach cukrów."}, {"header": "Składniki i alergeny", "content": "Składniki:jabłka (40%), sok jabłkowy (38%), truskawki (10%), czarne jagody (7%), skrobia kukurydziana, witamina C Zgodnie z przepisami prawa nie zawiera substancji konserwujących i barwników.Inne informacje o zawartości produktu:Zawiera surowce GMO:Nie"}, {"header": "Wartość odżywcza", "content": "W 100 gWartość energetyczna kcal51 kcalZawartość tłuszczów (ogólnie)0.1 gKwasy tłuszczowe nasycone0 gZawartość węglowodanów11.6 gCukry6.9 gZawartość białek0.3 gZawartość soli0 g"}, {"header": "Pozostałe informacje", "content": "Kraj pochodzenia:PolskaKraj pochodzenia zależy od konkretnej partii produktu jaka znajduje się w sklepie. Informację o kraju pochodzenia znajdziesz na opakowaniu. Możesz również dodać komentarz z preferowanym typem produktu w koszyku lub wiadomości dla shoppera (np. “prosze o pomidory polskie”).Producent:Nestlé Polska S.A.\nul. Domaniewska 32\n02-672 WarszawaDystrybutor:Nestle Polska S.ADomaniewska 32 02-672 Warszawacs@pl.nestle.comNazwa wymagana prawnie:Jabłuszka z truskawkami i jagodami. Produkt utrwalony termicznie, pasteryzowany."}], "images": ["data/images/6db6a2b33c2e70e89833744b08afa8f2.jpg"], "absolute_path": "Dla dzieci/Jedzenie dla dzieci/Dania w słoikach/Produkt 6"}
{"name": "Produkt 9", "url": "https://zakupy.biedronka.pl/gerber-gerber-owocowy-krem-z-jogurtem-po-6-miesiacu-190-g-0000011696.html", "title": "Gerber Owocowy krem z jogurtem po 6 miesiącu 190 g", "brand": "Gerber", "price": "6.59 PLN", "packaging_details": "0.19kg- 34,68 zł / kg", "description_sections": [{"header": "Opis produktu", "content": "Połączenie owoców (jabłka, morele, sok z białych winogron) i produktu mlecznego (aksamitny jogurt) w postaci deserku. Odpowiednie dla maluchów po 6. miesiącu życia, które poznały już smak musów owocowych."}, {"header": "Składniki i alergeny", "content": "Składniki:sok z białych winogron (38%), jabłka (35%),jogurtzmleka(18%), morele (5%), skrobia kukurydziana, witamina CAlergeny:Mleko i produkty pochodne (łącznie z laktozą)Inne informacje o zawartości produktu:Zawiera surowce GMO:Nie"}, {"header": "Wartość odżywcza", "content": "W 100 gWartość energetyczna kcal70 kcalZawartość tłuszczów (ogólnie)0.6 gKwasy tłuszczowe nasycone0 gZawartość węglowodanów14.5 gCukry8.9 gZawartość błonnika0.7 gZawartość białek1.2 gZawartość soli0.03 gWitaminy i składniki mineralnew 100 g% RWS w 100 gWitamina C10 mg40%"}, {"header": "Pozostałe informacje", "content": "Kraj pochodzenia:PolskaKraj pochodzenia zależy od konkretnej partii produktu jaka znajduje się w sklepie. Informację o kraju pochodzenia znajdziesz na opakowaniu. Możesz również dodać komentarz z preferowanym typem produktu w koszyku lub wiadomości dla shoppera (np. “prosze o pomidory polskie”).Producent:Nestlé Polska S.A.,\nul. Domaniewska 32,\n02-672 WarszawaDystrybutor:Nestle Polska S.ADomaniewska 32 02-672 Warszawacs@pl.nestle.comNazwa wymagana prawnie:Owocowy krem z jogurtem. Produkt utrwalony termicznie, pasteryzowany."}], "images": ["data/images/22efe8d3e704d8b3ee744f182c89e518.jpg"], "absolute_path": "Dla dzieci/Jedzenie dla dzieci/Dania w słoikach/Produkt 9"}
{"name": "Produkt 12", "url": "https://zakupy.biedronka.pl/gerber-gerber-deserek-owocowy-krem-z-jogurtem-po-6-miesiacu-190-g-0000004726.html", "title": "Gerber Deserek owocowy krem z jogurtem po 6 miesiącu 190 g", "brand": "Gerber", "price": "6.59 PLN", "packaging_details": "0.19kg- 34,68 zł / kg", "description_sections": [{"header": "Opis produktu", "content": "Połączenie owoców (jabłka, morele, sok z białych winogron) i produktu mlecznego (aksamitny jogurt) w postaci deserku. Odpowiednie dla maluchów po 6. miesiącu życia, które poznały już smak musów owocowych."}, {"header": "Składniki i alergeny", "content": "Składniki:sok z białych winogron (38%), jabłka (35%),jogurtzmleka(18%), morele (5%), skrobia kukurydziana, witamina CAlergeny:Mleko i produkty pochodne (łącznie z laktozą)Inne informacje o zawartości produktu:Zawiera surowce GMO:Nie"}, {"header": "Wartość odżywcza", "content": "W 100 gWartość energetyczna kcal70 kcalZawartość tłuszczów (ogólnie)0.6 gKwasy tłuszczowe nasycone0 gZawartość węglowodanów14.5 gCukry8.9 gZawartość błonnika0.7 gZawartość białek1.2 gZawartość soli0.03 gWitaminy i składniki mineralnew 100 g% RWS w 100 gWitamina C10 mg0%Witamina C (%RWS)40 %RWS0%"}, {"header": "Pozostałe informacje", "content": "Kraj pochodzenia:PolskaKraj pochodzenia zależy od konkretnej partii produktu jaka znajduje się w sklepie. Informację o kraju pochodzenia znajdziesz na opakowaniu. Możesz również dodać komentarz z preferowanym typem produktu w koszyku lub wiadomości dla shoppera (np. “prosze o pomidory polskie”).Producent:NestleDystrybutor:Nestle Polska S.ADomaniewska 32 02-672 Warszawacs@pl.nestle.comImporter:Nestle Polska S.ADomaniewska 32 02-672 Warszawa PLcs@pl.nestle.comNazwa wymagana prawnie:Owocowy krem z jogurtem. Produkt utrwalony termicznie, pasteryzowany."}], "images": ["data/images/22efe8d3e704d8b3ee744f182c89e518.jpg"], "absolute_path": "Dla dzieci/Jedzenie dla dzieci/Dania w słoikach/Produkt 12"}
{"name": "Produkt 14", "url": "https://zakupy.biedronka.pl/gerber-gerber-obiadek-schabik-ze-sliwka-w-warzywach-po-6-miesiacu-190-g-0000024368.html", "title": "Gerber Obiadek Schabik ze śliwką w warzywach po 6 miesiącu 190 g", "brand": "Gerber", "price": "6.99 PLN", "packaging_details": "0.19kg- 36,79 zł / kg", "description_sections": [{"header": "Opis produktu", "content": "Tradycyjne, polskie danie w dziecięcym wydaniu, dostosowane do potrzeb żywieniowych maluchów po 6. miesiącu życia. Odpowiednia, gładka konsystencja odpowiada umiejętnościom jedzenia dziecka na tym etapie życia."}, {"header": "Składniki i alergeny", "content": "Składniki:marchew (46,5%); woda; schab (10%); ziemniaki (10%); skrobia kukurydziana; olej rzepakowy; śliwki suszone (0,6%)(Warzywa ogółem 56,5%)"}, {"header": "Pozostałe informacje", "content": "Kraj pochodzenia:PolskaKraj pochodzenia zależy od konkretnej partii produktu jaka znajduje się w sklepie. Informację o kraju pochodzenia znajdziesz na opakowaniu. Możesz również dodać komentarz z preferowanym typem produktu w koszyku lub wiadomości dla shoppera (np. “prosze o pomidory polskie”).Dystrybutor:Jeronimo Martins Polska S.A.Żniwna 5 62-025 Kostrzyn PLImporter:Jeronimo Martins Polska S.A.Żniwna 5 62-025 Kostrzyn PLNazwa wymagana prawnie:Schabik ze śliwką w warzywach. Produkt utrwalony termicznie, sterylizowany."}], "images": ["data/images/98f2ea53835092778d328b22dec3f6be.jpg"], "absolute_path": "Dla dzieci/Jedzenie dla dzieci/Dania w słoikach/Produkt 14"}
{"name": "Produkt 11", "url": "https://zakupy.biedronka.pl/gerber-gerber-winogrona-i-jabluszka-z-twarozkiem-po-6-miesiacu-190-g-0000004731.html", "title": "Gerber Winogrona i jabłuszka z twarożkiem po 6 miesiącu 190 g", "brand": "Gerber", "price": "6.59 PLN", "packaging_details": "0.19kg- 34,68 zł / kg", "description_sections": [{"header": "Opis produktu", "content": "Kompozycja owoców (jabłka, sok z białych winogron) z dodatkiem twarożku w formie delikatnego deserku. Taki posiłek może stanowić dodatkowe, poza mlekiem mamy, źródło białka dla dzieci po 6. miesiącu życia."}, {"header": "Składniki i alergeny", "content": "Składniki:jabłka (40%), woda (użyta do przyrządzenia), twarożek zmleka(15%), zagęszczony sok z białych winogron (13,7%), skrobia kukurydziana, witamina C Produkt bezglutenowy.Alergeny:Mleko i produkty pochodne (łącznie z laktozą)Inne informacje o zawartości produktu:Zawiera surowce GMO:Nie"}, {"header": "Wartość odżywcza", "content": "W 100 gWartość energetyczna kcal81 kcalZawartość tłuszczów (ogólnie)0.9 gKwasy tłuszczowe nasycone0.6 gZawartość węglowodanów15.9 gCukry12.4 gZawartość błonnika0.8 gZawartość białek1.8 gZawartość soli0.03 gWitaminy i składniki mineralnew 100 g% RWS w 100 gWitamina C10 mg0%Witamina C (%RWS)40 %RWS0%"}, {"header": "Pozostałe informacje", "content": "Kraj pochodzenia:PolskaKraj pochodzenia zależy od konkretnej partii produktu jaka znajduje się w sklepie. Informację o kraju pochodzenia znajdziesz na opakowaniu. Możesz również dodać komentarz z preferowanym typem produktu w koszyku lub wiadomości dla shoppera (np. “prosze o pomidory polskie”).Dystrybutor:Nestle Polska S.ADomaniewska 32 02-672 Warszawacs@pl.nestle.comNazwa wymagana prawnie:Winogrona i jabłuszka z twarożkiem. Produkt utrwalony termicznie, pasteryzowany."}], "images": ["data/images/1e1702bfa83d0edd22430dd851f88164.jpg"], "absolute_path": "Dla dzieci/Jedzenie dla dzieci/Dania w słoikach/Produkt 11"}
{"name": "Produkt 13", "url": "https://zakupy.biedronka.pl/gerber-gerber-jablka-banany-i-mango-z-kremowym-twarozkiem-190-g-0000004724.html", "title": "Gerber Jabłka, banany i mango z kremowym twarożkiem 190 g", "brand": "Gerber", "price": "6.59 PLN", "packaging_details": "0.19kg- 34,68 zł / kg", "description_sections": [{"header": "Opis produktu", "content": "Czy wiesz, że  deserki Gerber zostały przygotowane ze starannie wyselekcjonowanych owoców, pochodzących od sprawdzonych dostawców, a ich smak może się zmieniać w zależności od panującej w okresie dojrzewania pogody? Im bardziej słoneczny rok, tym owoce i deserki są słodsze!"}, {"header": "Składniki i alergeny", "content": "Składniki:jabłka (35%), woda, banany (17%), twarożek zmleka(15%), mango (12%), skrobia kukurydziana, sok cytrynowy.Alergeny:Mleko i produkty pochodne (łącznie z laktozą)Inne informacje o zawartości produktu:Zawiera surowce GMO:Nie, \n\nZawiera substancje konserwujące:Nie"}, {"header": "Wartość odżywcza", "content": "W 100 gWartość energetyczna kcal62 kcalZawartość tłuszczów (ogólnie)0.7 gKwasy tłuszczowe nasycone0 gZawartość węglowodanów11.9 gCukry8.8 gZawartość błonnika1.2 gZawartość białek1.3 gZawartość soli0.02 g"}, {"header": "Przechowywanie i sposób przygotowania", "content": "Sposób przygotowania:Potrzebną porcję przełóż do czystej miseczki - nie podawaj bezpośrednio ze słoika. Podawaj w temperaturze pokojowej - przed karmieniem wymieszaj i sprawdź temperaturę produktu. Podawaj dziecku w pozycji siedzącej, pod kontrolą dorosłego, używając łyżeczki innej niż metalowa. Nie używaj, jeśli wieczko się ugina. Przy pierwszym otwarciu wieczko musi \"kliknąć\". Nie używaj, jeśli słoik lub wieczko są uszkodzone."}, {"header": "Pozostałe informacje", "content": "Kraj pochodzenia:PolskaKraj pochodzenia zależy od konkretnej partii produktu jaka znajduje się w sklepie. Informację o kraju pochodzenia znajdziesz na opakowaniu. Możesz również dodać komentarz z preferowanym typem produktu w koszyku lub wiadomości dla shoppera (np. “prosze o pomidory polskie”).Producent:Nestlé Polska S.A.\nul. Domaniewska 32\n02-672 WarszawaDystrybutor:Nestle Polska S.ADomaniewska 32 02-672 Warszawacs@pl.nestle.comNazwa wymagana prawnie:Jabłka, banany i mango z kremowym twarożkiem. Produkt utrwalony termicznie, pasteryzowany."}], "images": ["data/images/ed6de480ca52acda4f1e711192e16377.jpg", "data/images/487f52590a8ab08fda79bab02f9cdc99.jpg"], "absolute_path": "Dla dzieci/Jedzenie dla dzieci/Dania w słoikach/Produkt 13"}
{"name": "Produkt 15", "url": "https://zakupy.biedronka.pl/hipp-hipp-risotto-z-brokulami-i-krolikiem-220-g-0000002570.html", "title": "HiPP Risotto z brokułami i królikiem 220 g", "brand": "HiPP", "price": "7.29 PLN", "packaging_details": "0.22kg- 33,14 zł / kg", "description_sections": [{"header": "Opis produktu", "content": "Pełnowartościowy posiłek warzywno-mięsny dla niemowląt po 7. miesiącu- bez dodatku soli - naturalny, delikatny smak- kwas alfa-linolenowy (ALA) z grupy Omega-3 - ważny dla rozwoju mózgu i komórek nerwowych- zgodnie z przepisami prawa bez substancji konserwujących i barwników- bez aromatów- z delikatnymi cząstkami wspierającymi naukę gryzieniaZadbaj o zrównoważoną dietę oraz zdrowy tryb życia swojego dziecka.Wyselekcjonowane surowce i ponad 260 kontroli każdego słoiczka są gwarancją wysokiej jakości produktów HiPP."}, {"header": "Składniki i alergeny", "content": "Składniki:Woda, brokuły 20%, mięso z królika 8,5%, ryż 6%*, grysik ryżowy, olej rzepakowy 2,0%.*Zawartość ryżu po ugotowaniu: 15%.Produkt bezglutenowyInne informacje o zawartości produktu:Zawiera surowce GMO:Nie, \n\nZawiera barwniki:Nie, \n\nZawiera substancje konserwujące:Nie"}, {"header": "Wartość odżywcza", "content": "W 100 gWartość energetyczna kcal68 kcalZawartość tłuszczów (ogólnie)2.7 gKwasy tłuszczowe nasycone0.4 gKwasy tłuszczowe jednonienasycone1.5 gKwasy tłuszczowe wielonienasycone0.8 gZawartość węglowodanów7.5 gCukry0.4 gZawartość błonnika0.7 gZawartość białek3 gZawartość soli0.05 g"}, {"header": "Pozostałe informacje", "content": "Kraj pochodzenia:Produkt UEKraj pochodzenia zależy od konkretnej partii produktu jaka znajduje się w sklepie. Informację o kraju pochodzenia znajdziesz na opakowaniu. Możesz również dodać komentarz z preferowanym typem produktu w koszyku lub wiadomości dla shoppera (np. “prosze o pomidory polskie”).Nazwa wymagana prawnie:Risotto z brokułami i królikiem. Produkt utrwalony termicznie - sterylizowany."}], "images": ["data/images/1c8becd395ef44e92733d7ba3d9bcc69.jpg", "data/images/b6bc0e7af5bca906f8943a66d11bb450.jpg", "data/images/8572797e58e686ee03a7ddaafdc631e4.jpg"], "absolute_path": "Dla dzieci/Jedzenie dla dzieci/Dania w słoikach/Produkt 15"}
{"name": "Produkt 19", "url": "https://zakupy.biedronka.pl/gerber-gerber-obiadek-schabik-ze-sliwka-w-warzywach-po-6-miesiacu-190-g-0000001611.html", "title": "Gerber Obiadek Schabik ze śliwką w warzywach po 6 miesiącu 190 g", "brand": "Gerber", "price": "6.99 PLN", "packaging_details": "0.19kg- 36,79 zł / kg", "description_sections": [{"header": "Opis produktu", "content": "Tradycyjne, polskie danie w dziecięcym wydaniu, dostosowane do potrzeb żywieniowych maluchów po 6. miesiącu życia. Odpowiednia, gładka konsystencja odpowiada umiejętnościom jedzenia dziecka na tym etapie życia."}, {"header": "Składniki i alergeny", "content": "Składniki:marchew (46,5%); woda; schab (10%); ziemniaki (10%); skrobia kukurydziana; olej rzepakowy; śliwki suszone (0,6%)(Warzywa ogółem 56,5%)"}, {"header": "Pozostałe informacje", "content": "Kraj pochodzenia:PolskaKraj pochodzenia zależy od konkretnej partii produktu jaka znajduje się w sklepie. Informację o kraju pochodzenia znajdziesz na opakowaniu. Możesz również dodać komentarz z preferowanym typem produktu w koszyku lub wiadomości dla shoppera (np. “prosze o pomidory polskie”).Dystrybutor:Jeronimo Martins Polska S.A.Żniwna 5 62-025 Kostrzyn PLImporter:Jeronimo Martins Polska S.A.Żniwna 5 62-025 Kostrzyn PLNazwa wymagana prawnie:Schabik ze śliwką w warzywach. Produkt utrwalony termicznie, sterylizowany."}], "images": ["data/images/98f2ea53835092778d328b22dec3f6be.jpg"], "absolute_path": "Dla dzieci/Jedzenie dla dzieci/Dania w słoikach/Produkt 19"}
{"name": "Produkt 18", "url": "https://zakupy.biedronka.pl/hipp-hipp-bio-pierwsza-dynia-po-4.-miesiacu-80-g-0000008413.html", "title": "HiPP BIO Pierwsza dynia po 4. miesiącu 80 g", "brand": "HiPP", "price": "3.66 PLN", "packaging_details": "0.08kg- 45,75 zł / kg", "description_sections": [{"header": "Opis produktu", "content": "Produkt z certyfikatem ekologicznym. Znak HiPP BIO to gwarancja najwyższej jakości ekologicznej - jeszcze wyższej niż wymagana przepisami prawa. hipp.pl\\bio-od-pokolen- zgodnie z przepisami prawa żywność dla niemowląt i małych dzieci nie zawiera substancji konserwujących i barwników; bez aromatów- bez dodatku soli - naturalny, delikatny smakSubrand:BIO"}, {"header": "Składniki i alergeny", "content": "Składniki:dynia piżmowa* 90 %,woda,*z rolnictwa ekologicznegoAlergeny:Nie zawiera Zboża zawierające glutenInne informacje o zawartości produktu:Barwniki:Nie zawiera, \n\nSmaki / Aromaty:Nie zawiera, \n\nkonserwanty:Nie zawiera"}, {"header": "Wartość odżywcza", "content": "W 100 gWartość energetyczna33 kcalTłuszcz0.3 gw tym kwasy tłuszczowe nasycone0.1 gWęglowodany6 gw tym cukry4.2 gBłonnik1.3 gBiałko1 gSól0.05 gWitaminy i składniki mineralnew 100  g% RWS w 100  gSód0.02 g0%"}, {"header": "Przechowywanie i sposób przygotowania", "content": "Sposób podania:Sposób użycia: Idealny na początek rozszerzania diety niemowlęcia. Podaj kilka łyżeczek przed karmieniem mlekiem i z dnia na dzień zwiększaj tę ilość. Otwarty słoiczek z całą zawartością lub odpowiednią porcję przełożoną do miseczki podgrzej w „kąpieli wodnej\" lub kuchence mikrofalowej, wymieszaj i sprawdź temperaturę. Pozostałą, niepodgrzaną zawartość słoiczka zamknij, wstaw do lodówki i zużyj następnego dnia. Nie używaj metalowej łyżeczki, aby nie uszkodzić słoiczka.Przed użyciem upewnij się, że słoiczek nie został naruszony. Nie używaj, jeśli środek wieczka się ugina. Bezpieczne zamknięcie próżniowe - klika przy pierwszym otwarciu."}, {"header": "Pozostałe informacje", "content": "Kraj pochodzenia:Produkt UEKraj pochodzenia zależy od konkretnej partii produktu jaka znajduje się w sklepie. Informację o kraju pochodzenia znajdziesz na opakowaniu. Możesz również dodać komentarz z preferowanym typem produktu w koszyku lub wiadomości dla shoppera (np. “prosze o pomidory polskie”).Producent:Wyprodukowano dla\nHiPP Polska Sp. z o.o.,\nul. Giełdowa 1,\n01-211 Warszawa,\nwww.hipp.plNazwa wymagana prawnie:Pierwsza dynia. Przecier warzywny dla niemowląt, sterylizowany."}], "images": ["data/images/10cfaf6ab586913ea6979b27ce4e59aa.jpg"], "absolute_path": "Dla dzieci/Jedzenie dla dzieci/Dania w słoikach/Produkt 18"}
{"name": "Produkt 16", "url": "https://zakupy.biedronka.pl/hipp-hipp-bio-rosolek-z-kurczaka-z-kaszka-manna-po-5.-miesiacu-190-g-0000011825.html", "title": "HiPP BIO Rosołek z kurczaka z kaszką manną po 5. miesiącu 190 g", "brand": "HiPP", "price": "6.99 PLN", "packaging_details": "0.19kg- 36,79 zł / kg", "description_sections": [{"header": "Opis produktu", "content": "Produkt z certyfikatem ekologicznym. Znak HiPP BIO to gwarancja najwyższej jakości ekologicznej - jeszcze wyższej niż wymagana przepisami prawa. hipp.pl\\bio-od-pokolen- bez dodatku soli - naturalny, delikatny smak- kwas alfa-linolenowy (ALA) z grupy Omega-3 - ważny dla rozwoju mózgu i komórek nerwowych- zgodnie z przepisami prawa żywność dla niemowląt i małych dzieci nie zawiera substancji konserwujących i barwników; bez aromatówZadbaj o zrównoważoną dietę oraz zdrowy tryb życia swojego dziecka.Subrand:BIO"}, {"header": "Składniki i alergeny", "content": "Składniki:marchew*,woda,mięso z kurczaka* 10,0 %,kasza manna* 5 % (zpszenicy*),seler*,por*,olej rzepakowy* 1,3 %,natka pietruszki*,*z rolnictwa ekologicznegoAlergeny:Zawiera Seler, \n\nZawiera Zboża zawierające gluten, \n\nZawiera Pszenica"}, {"header": "Przechowywanie i sposób przygotowania", "content": "Sposób podania:Sposób użycia:Zupka stanowi część pełnego posiłku. Otwarty słoiczek z całą zawartością lub odpowiednią porcję przełożoną do miseczki podgrzej w kąpieli wodnej lub kuchence mikrofalowej, wymieszaj i sprawdź temperaturę. Pozostałą, niepodgrzaną zawartość słoiczka zamknij, wstaw do lodówki i zużyj następnego dnia.Nie używaj metalowej łyżeczki, aby nie uszkodzić słoiczka.Jakość tego produktu w momencie opuszczania zakładu produkcyjnego była bez zarzutu - przed użyciem upewnij się, że słoiczek nie został naruszony. Nie używaj, jeśli środek wieczka się ugina. Bezpieczne zamknięcie próżniowe - klika przy pierwszym otwarciu."}, {"header": "Pozostałe informacje", "content": "Kraj pochodzenia:Produkt UEKraj pochodzenia zależy od konkretnej partii produktu jaka znajduje się w sklepie. Informację o kraju pochodzenia znajdziesz na opakowaniu. Możesz również dodać komentarz z preferowanym typem produktu w koszyku lub wiadomości dla shoppera (np. “prosze o pomidory polskie”).Nazwa wymagana prawnie:Rosołek z kurczaka z kaszką manną. Produkt utrwalony termicznie - sterylizowany."}], "images": ["data/images/035c020d36d01da88fb2da791410a8c0.jpg"], "absolute_path": "Dla dzieci/Jedzenie dla dzieci/Dania w słoikach/Produkt 16"}
{"name": "Produkt 17", "url": "https://zakupy.biedronka.pl/gerber-gerber-junior-warzywa-z-kurczakiem-i-kasza-250-g-0000002198.html", "title": "Gerber Junior Warzywa z kurczakiem i kaszą 250 g", "brand": "Gerber", "price": "7.79 PLN", "packaging_details": "0.25kg- 31,16 zł / kg", "description_sections": [{"header": "Opis produktu", "content": "Połączenie warzyw, delikatnego mięsa kurczaka oraz kaszy stanowiące ciekawą kompozycję smakową. Doskonale sprawdzi się jako obiad, który będzie także źródłem cynku wspomagającego układ odpornościowy malucha."}, {"header": "Składniki i alergeny", "content": "Składniki:marchew (27%), woda (użyta do przyrządzenia), pietruszka (12%), zielony groszek (10%), mięso z kurczaka (8%), ziemniaki (8%), kaszajęczmienna(3%), cebula, olej rzepakowy niskoerukowy, skrobia kukurydziana, koperek - natka (0,25%) Warzywa: ogółem 59,25% Zgodnie z przepisami prawa nie zawiera substancji konserwujących i barwników."}, {"header": "Pozostałe informacje", "content": "Kraj pochodzenia:PolskaKraj pochodzenia zależy od konkretnej partii produktu jaka znajduje się w sklepie. Informację o kraju pochodzenia znajdziesz na opakowaniu. Możesz również dodać komentarz z preferowanym typem produktu w koszyku lub wiadomości dla shoppera (np. “prosze o pomidory polskie”).Nazwa wymagana prawnie:Gerber Junior Obiadek Warzywa z kurczakiem i kaszą po 12 miesiącu 250 g"}], "images": ["data/images/7900cc3f633409f8623ca06db1c2ca48.jpg"], "absolute_path": "Dla dzieci/Jedzenie dla dzieci/Dania w słoikach/Produkt 17"}
{"name": "Produkt 20", "url": "https://zakupy.biedronka.pl/hipp-hipp-makaron-z-lososiem-marchewka-i-brokulami-250-g-0000017290.html", "title": "HiPP, Makaron z łososiem, marchewką i brokułami 250 g", "brand": "HiPP", "price": "7.79 PLN", "packaging_details": "0.25kg- 31,16 zł / kg", "description_sections": [{"header": "Opis produktu", "content": "85% surowców rolniczych w produkcie pochodzi z rolnictwa ekologicznego. Przyprawione odpowiednio dla małych dzieci. Posiada kwas alfa-linolenowy (ALA) z grupy Omega-3 - ważny dla rozwoju mózgu i komórek nerwowych. Zgodnie z przepisami prawa żywność dla niemowląt i małych dzieci nie zawiera substancji konserwujących i barwników; bez aromatów - z cząstkami dopasowanymi do wieku dziecka. Zadbaj o zrównoważoną dietę oraz zdrowy tryb życia swojego dziecka.Zadbaj o zrównoważoną dietę oraz zdrowy tryb życia swojego dziecka."}, {"header": "Składniki i alergeny", "content": "Składniki:woda, marchew* 20 %, brokuły* 10 %,łosoś8,2 %, makaron muszelki* 5 %¹ (pszenicadurum*, białko kurzegojaja*),śmietana* 3,0 % (zmleka*), cebula*, zmielony makaron* (zpszenicydurum*), mąka ryżowa*, olej rzepakowy* 1,3 %, sok cytrynowy* z soku zagęszczonego, natka pietruszki*, jodowana sól*z rolnictwa ekologicznego¹Zawartość makaronu muszelki po ugotowaniu: 17 %85 % surowców rolniczych w produkcie pochodzi z rolnictwa ekologicznego (HU-ÖKO-01)"}, {"header": "Pozostałe informacje", "content": "Kraj pochodzenia:Unia EuropejskaKraj pochodzenia zależy od konkretnej partii produktu jaka znajduje się w sklepie. Informację o kraju pochodzenia znajdziesz na opakowaniu. Możesz również dodać komentarz z preferowanym typem produktu w koszyku lub wiadomości dla shoppera (np. “prosze o pomidory polskie”).Dystrybutor:Jeronimo Martins Polska S.A.Żniwna 5 62-025 Kostrzyn PLImporter:Jeronimo Martins Polska S.A.Żniwna 5 62-025 Kostrzyn PLNazwa wymagana prawnie:Pełnowartościowy posiłek warzywno-rybny dla małych dzieci Produkt utrwalony termicznie – sterylizowany"}], "images": ["data/images/8c97d98d05788db7361e1dbb4a9229a0.jpg"], "absolute_path": "Dla dzieci/Jedzenie dla dzieci/Dania w słoikach/Produkt 20"}
{"name": "Produkt 21", "url": "https://zakupy.biedronka.pl/hipp-hipp-bio-pierwsza-gruszka-po-4-miesiacu-80-g-0000008411.html", "title": "HiPP BIO Pierwsza gruszka po 4 miesiącu 80 g", "brand": "HiPP", "price": "3.66 PLN", "packaging_details": "0.08kg- 45,75 zł / kg", "description_sections": [{"header": "Opis produktu", "content": "Produkt z certyfikatem ekologicznym. Znak HiPP BIO to gwarancja najwyższej jakości ekologicznej - jeszcze wyższej niż wymagana przepisami prawa. hipp.pl\\bio-od-pokolen- bez dodatku cukru - zawiera naturalnie występujące cukry- zgodnie z przepisami prawa żywność dla niemowląt i małych dzieci nie zawiera substancji konserwujących i barwników; bez aromatówSubrand:BIO"}, {"header": "Składniki i alergeny", "content": "Składniki:gruszki Williamsa* 100 %,*z rolnictwa ekologicznegoAlergeny:Nie zawiera Zboża zawierające glutenInne informacje o zawartości produktu:Barwniki:Nie zawiera, \n\nSmaki / Aromaty:Nie zawiera, \n\nkonserwanty:Nie zawiera"}, {"header": "Wartość odżywcza", "content": "W 100 gWartość energetyczna55 kcalTłuszcz0.3 gw tym kwasy tłuszczowe nasycone0 gWęglowodany11 gw tym cukry9.1 gBiałko0.5 gSól0.05 gWitaminy i składniki mineralnew 100  g% RWS w 100  gSód0.02 g0%"}, {"header": "Przechowywanie i sposób przygotowania", "content": "Sposób podania:Sposób użycia: Idealne jako pierwsze owoce w diecie dziecka, po etapie wprowadzenia warzyw. Potrzebną porcję przełóż do miseczki. Pozostałą zawartość słoiczka zamknij, wstaw do lodówki i zużyj w ciągu 3 dni. Nie używaj metalowej łyżeczki, aby nie uszkodzić słoiczka.Przed użyciem upewnij się, że słoiczek nie został naruszony. Nie używaj, jeśli środek wieczka się ugina. Bezpieczne zamknięcie próżniowe - klika przy pierwszym otwarciu."}, {"header": "Pozostałe informacje", "content": "Kraj pochodzenia:Produkt UEKraj pochodzenia zależy od konkretnej partii produktu jaka znajduje się w sklepie. Informację o kraju pochodzenia znajdziesz na opakowaniu. Możesz również dodać komentarz z preferowanym typem produktu w koszyku lub wiadomości dla shoppera (np. “prosze o pomidory polskie”).Producent:Wyprodukowano dla\nHiPP Polska Sp. z o.o.,\nul. Giełdowa 1,\n01-211 Warszawa,\nwww.hipp.plNazwa wymagana prawnie:Pierwsza gruszka. Przecier owocowy dla niemowląt, pasteryzowany."}], "images": ["data/images/528080d2c14002792d5f990970a43747.jpg"], "absolute_path": "Dla dzieci/Jedzenie dla dzieci/Dania w słoikach/Produkt 21"}
{"name": "Produkt 24", "url": "https://zakupy.biedronka.pl/gerber-gerber-zupka-jarzynowa-z-cielecina-po-5-miesiacu-190-g-0000002640.html", "title": "Gerber Zupka jarzynowa z cielęciną po 5 miesiącu 190 g", "brand": "Gerber", "price": "6.59 PLN", "packaging_details": "0.19kg- 34,68 zł / kg", "description_sections": [{"header": "Opis produktu", "content": "Zupka na bazie warzyw z dodatkiem cielęciny, w formie gładkiego i delikatnego przecieru. Dobry wybór dla maluchów  po 5. miesiącu życia, które są w początkowym etapie rozszerzania ich diety."}, {"header": "Składniki i alergeny", "content": "Składniki:marchew (38%); woda; kukurydza (15%); zielony groszek (8,5%); mięso cielęce (8%) skrobia kukurydziana; oleje roślinne (rzepakowy, słonecznikowy) (Warzywa ogółem 61,5%)Inne informacje o zawartości produktu:Zawiera surowce GMO:Nie"}, {"header": "Wartość odżywcza", "content": "W 100 gWartość energetyczna kcal66 kcalZawartość tłuszczów (ogólnie)2.4 gKwasy tłuszczowe nasycone0.5 gZawartość węglowodanów7.2 gCukry1.9 gZawartość błonnika2 gZawartość białek2.9 gZawartość soli0.05 gWitaminy i składniki mineralnew 100 g% RWS w 100 gCynk0 mg0%Cynk (%RWS)0 %RWS0%"}, {"header": "Pozostałe informacje", "content": "Kraj pochodzenia:PolskaKraj pochodzenia zależy od konkretnej partii produktu jaka znajduje się w sklepie. Informację o kraju pochodzenia znajdziesz na opakowaniu. Możesz również dodać komentarz z preferowanym typem produktu w koszyku lub wiadomości dla shoppera (np. “prosze o pomidory polskie”).Producent:Nestlé Polska S.A.\nul. Domaniewska 32\n02-672 WarszawaDystrybutor:Nestle Polska S.ADomaniewska 32 02-672 Warszawacs@pl.nestle.comNazwa wymagana prawnie:Zupka jarzynowa z cielęciną. Produkt utrwalony termicznie, sterylizowany."}], "images": ["data/images/13c9e19d7ee0e6aa37d1407757a7887a.jpg"], "absolute_path": "Dla dzieci/Jedzenie dla dzieci/Dania w słoikach/Produkt 24"}
{"name": "Produkt 22", "url": "https://zakupy.biedronka.pl/gerber-gerber-junior-risotto-z-indykiem-i-warzywami-250-g-0000002200.html", "title": "Gerber Junior Risotto z indykiem i warzywami 250 g", "brand": "Gerber", "price": "7.79 PLN", "packaging_details": "0.25kg- 31,16 zł / kg", "description_sections": [{"header": "Opis produktu", "content": "Danie w delikatnym wydaniu to propozycja dla małego smakosza. Indyk, warzywa oraz ryż stanowią wyjątkową kompozycję smakową. Taki posiłek to również źródło cynku, który pomaga wspierać układ odpornościowy juniora."}, {"header": "Składniki i alergeny", "content": "Składniki:marchew (37%), przecier pomidorowy (28%), woda (użyta do przyrządzenia), mięso z indyka (8%), ryż (4,5%), cebula, skrobia kukurydziana, olej rzepakowy niskoerukowy, pietruszka - natka , sól, oregano (0,1%) Warzywa ogółem: 68,3% Zgodnie z przepisami prawa nie zawiera substancji konserwujących i barwników."}, {"header": "Pozostałe informacje", "content": "Kraj pochodzenia:PolskaKraj pochodzenia zależy od konkretnej partii produktu jaka znajduje się w sklepie. Informację o kraju pochodzenia znajdziesz na opakowaniu. Możesz również dodać komentarz z preferowanym typem produktu w koszyku lub wiadomości dla shoppera (np. “prosze o pomidory polskie”).Nazwa wymagana prawnie:Gerber Risotto z indykiem i warzywami dla dzieci po 12 miesiącu 250 g"}], "images": ["data/images/547e503da7d3a7626faf70dc6e7eb2f5.jpg"], "absolute_path": "Dla dzieci/Jedzenie dla dzieci/Dania w słoikach/Produkt 22"}
{"name": "Produkt 23", "url": "https://zakupy.biedronka.pl/hipp-hipp-bio-pierwsza-marchewka-po-4.-miesiacu-80-g-0000008414.html", "title": "HiPP BIO Pierwsza marchewka po 4. miesiącu 80 g", "brand": "HiPP", "price": "3.66 PLN", "packaging_details": "0.08kg- 45,75 zł / kg", "description_sections": [{"header": "Opis produktu", "content": "Produkt z certyfikatem ekologicznym. Znak HiPP BIO to gwarancja najwyższej jakości ekologicznej - jeszcze wyższej niż wymagana przepisami prawa. hipp.pl\\bio-od-pokolen- zgodnie z przepisami prawa żywność dla niemowląt i małych dzieci nie zawiera substancji konserwujących i barwników; bez aromatówSubrand:BIO"}, {"header": "Składniki i alergeny", "content": "Składniki:marchew* 90 %,woda,*z rolnictwa ekologicznegoAlergeny:Nie zawiera Zboża zawierające glutenInne informacje o zawartości produktu:Barwniki:Nie zawiera, \n\nSmaki / Aromaty:Nie zawiera, \n\nkonserwanty:Nie zawiera"}, {"header": "Wartość odżywcza", "content": "W 100 gWartość energetyczna30 kcalTłuszcz0.1 gw tym kwasy tłuszczowe nasycone0.02 gWęglowodany5 gw tym cukry4.3 gBiałko0.7 gSól0.1 gWitaminy i składniki mineralnew 100  g% RWS w 100  gSód0.04 g0%Witamina A1000 µg0%"}, {"header": "Przechowywanie i sposób przygotowania", "content": "Sposób podania:Sposób użycia: Idealny na początek rozszerzania diety niemowlęcia. Podaj kilka łyżeczek przed karmieniem mlekiem i z dnia na dzień zwiększaj tę ilość. Otwarty słoiczek z całą zawartością lub odpowiednią porcję przełożoną do miseczki podgrzej w kąpieli wodnej lub kuchence mikrofalowej, wymieszaj i sprawdź temperaturę. Pozostałą, niepodgrzaną zawartość słoiczka zamknij, wstaw do lodówki i zużyj następnego dnia. Nie używaj metalowej łyżeczki, aby nie uszkodzić słoiczka.Przed użyciem upewnij się, że słoiczek nie został naruszony. Nie używaj, jeśli środek wieczka się ugina. Bezpieczne zamknięcie próżniowe - klika przy pierwszym otwarciu."}, {"header": "Pozostałe informacje", "content": "Kraj pochodzenia:Produkt UEKraj pochodzenia zależy od konkretnej partii produktu jaka znajduje się w sklepie. Informację o kraju pochodzenia znajdziesz na opakowaniu. Możesz również dodać komentarz z preferowanym typem produktu w koszyku lub wiadomości dla shoppera (np. “prosze o pomidory polskie”).Producent:Wyprodukowano dla\nHiPP Polska Sp. z o.o.,\nul. Giełdowa 1,\n01-211 Warszawa,\nwww.hipp.plNazwa wymagana prawnie:Pierwsza marchewka. Przecier warzywny dla niemowląt, pasteryzowany."}], "images": ["data/images/74e9c0b4e45edf6e88e963901f69fd18.jpg"], "absolute_path": "Dla dzieci/Jedzenie dla dzieci/Dania w słoikach/Produkt 23"}
{"name": "Produkt 25", "url": "https://zakupy.biedronka.pl/hipp-hipp-kaszotto-z-warzywami-i-indykiem-bio-po-12.-miesiacu-250-g-0000008752.html", "title": "HiPP Kaszotto z warzywami i indykiem BIO, po 12. miesiącu, 250 g", "brand": "HiPP", "price": "7.79 PLN", "packaging_details": "0.25kg- 31,16 zł / kg", "description_sections": [{"header": "Opis produktu", "content": "Produkt z certyfikatem ekologicznym.Znak HiPP BIO to gwarancja jakości wyższej niż wymagana przepisami prawa UE.hipp.pl\\bio-od-pokolen- przyprawione odpowiednio dla małych dzieci- kwas alfa-linolenowy (ALA) z grupy Omega-3 - ważny dla rozwoju mózgu i komórek nerwowych- zgodnie z przepisami prawa żywność dla niemowląt i małych dzieci nie zawiera substancji konserwujących i barwników; bez aromatów- z cząstkami dopasowanymi do wieku dzieckaZadbaj o zrównoważoną dietę oraz zdrowy tryb życia swojego dziecka."}, {"header": "Składniki i alergeny", "content": "Składniki:woda, marchew*, pomidory*, mięso z indyka* 8,0%, gorszek*, kalafior*, kasza bulgur* 5%** (zpszenicy* durum), mąka ryżowa*, cebula*,śmietana*, olej rzepakowy* 1,0 %, skrobia ryżowa*, przyprawy*, jodowana sól*.* z rolnictwa ekologicznego**Zawartość kaszy po ugotowaniu: 24%.Alergeny:Mleko i produkty pochodne (łącznie z laktozą), \n\nPszenica i produkty z pszenicyInne informacje o zawartości produktu:Zawiera surowce GMO:Nie"}, {"header": "Wartość odżywcza", "content": "W 100 gWartość energetyczna kcal70 kcalZawartość tłuszczów (ogólnie)2.5 gKwasy tłuszczowe nasycone0.7 gKwasy tłuszczowe jednonienasycone1.2 gKwasy tłuszczowe wielonienasycone0.6 gZawartość węglowodanów8 gCukry1 gZawartość białek3 gZawartość soli0.25 g"}, {"header": "Przechowywanie i sposób przygotowania", "content": "Sposób przygotowania:Sposób użycia: otwarty słoiczek z całą zawartością lub odpowiednią porcję przełożoną do miseczki podgrzej w „kąpieli wodnej\" lub kuchence mikrofalowej, wymieszaj i sprawdź temperaturę. Pozostałą, niepodgrzaną zawartość słoiczka zamknij, wstaw do lodówki i zużyj następnego dnia. Nie używaj metalowej łyżeczki, aby nie uszkodzić słoiczka.Jakość tego produktu w momencie opuszczania zakładu produkcyjnego była bez zarzutu - przed użyciem upewnij się, że słoiczek nie został naruszony. Nie używaj, jeśli środek wieczka się ugina. Bezpieczne zamknięcie próżniowe - klika przy pierwszym otwarciu."}, {"header": "Pozostałe informacje", "content": "Kraj pochodzenia:Unia EuropejskaKraj pochodzenia zależy od konkretnej partii produktu jaka znajduje się w sklepie. Informację o kraju pochodzenia znajdziesz na opakowaniu. Możesz również dodać komentarz z preferowanym typem produktu w koszyku lub wiadomości dla shoppera (np. “prosze o pomidory polskie”).Producent:HiPP Polska Sp. z o.o.Giełdowa 1 01-211 Warszawa PLhipp@hipp.plDystrybutor:Jeronimo Martins Polska S.A.Żniwna 5 62-025 Kostrzyn PLImporter:HiPP Polska Sp. z o.o.Giełdowa 1 01-211 Warszawa PLhipp@hipp.plNazwa wymagana prawnie:Kaszotto z warzywami i indykiem. Pełnowartościowy posiłek warzywno-mięsny dla małych dzieci. Produkt utrwalony termicznie - sterylizowany."}], "images": ["data/images/adaf5e73bec45993ec4b32bb8666acc9.jpg", "data/images/ba90bb54a762abd63bc640c2cce8b480.jpg", "data/images/6c9a768534ec86e12f4ad5e5451de137.jpg"], "absolute_path": "Dla dzieci/Jedzenie dla dzieci/Dania w słoikach/Produkt 25"}
{"name": "Produkt 28", "url": "https://zakupy.biedronka.pl/gerber-gerber-obiadek-bukiet-jarzyn-z-cielecina-i-kluseczkami-po-8-miesiacu-190-g-0000024369.html", "title": "Gerber Obiadek Bukiet jarzyn z cielęciną i kluseczkami po 8 miesiącu 190 g", "brand": "Gerber", "price": "6.99 PLN", "packaging_details": "0.19kg- 36,79 zł / kg", "description_sections": [{"header": "Opis produktu", "content": "Pełnowartościowy obiadek dla niemowląt po 8. miesiącu życia. Zawiera warzywa (marchew, kukurydza), ziemniaki, makaron i cielęcinkę. Mnogość jego składników sprzyja akceptacji różnorodnych smaków, a częściowo rozdrobniona konsystencja, z wyczuwalnymi grudkami, sprzyja nauce żucia i gryzienia."}, {"header": "Składniki i alergeny", "content": "Składniki:marchew (36%), woda, pietruszka, kukurydza (9%), mięso cielęce (8%), ziemniaki, makaron (mąka zpszenicydurum, woda) (2%), skrobia kukurydziana, olej rzepakowy, pietruszka - natka, (Warzywa ogółem 55,3%)"}, {"header": "Pozostałe informacje", "content": "Kraj pochodzenia:PolskaKraj pochodzenia zależy od konkretnej partii produktu jaka znajduje się w sklepie. Informację o kraju pochodzenia znajdziesz na opakowaniu. Możesz również dodać komentarz z preferowanym typem produktu w koszyku lub wiadomości dla shoppera (np. “prosze o pomidory polskie”).Dystrybutor:Jeronimo Martins Polska S.A.Żniwna 5 62-025 Kostrzyn PLImporter:Jeronimo Martins Polska S.A.Żniwna 5 62-025 Kostrzyn PLNazwa wymagana prawnie:Bukiet jarzyn z cielęciną i kluseczkami. Produkt utrwalony termicznie, sterylizowany."}], "images": ["data/images/7cca5b749d66b5301a95a6443ddc53c5.jpg"], "absolute_path": "Dla dzieci/Jedzenie dla dzieci/Dania w słoikach/Produkt 28"}
{"name": "Produkt 30", "url": "https://zakupy.biedronka.pl/hipp-hipp-bio-dla-malych-smakoszy-barszczyk-czerwony-z-delikatna-wolowina-po-6.-miesiacu-190-g-0000002557.html", "title": "HiPP BIO Dla Małych Smakoszy Barszczyk czerwony z delikatną wołowiną po 6. miesiącu 190 g", "brand": "HiPP", "price": "6.99 PLN", "packaging_details": "0.19kg- 36,79 zł / kg", "description_sections": [{"header": "Opis produktu", "content": "Produkt z certyfikatem ekologicznym. Znak HiPP BIO to gwarancja najwyższej jakości ekologicznej - jeszcze wyższej niż wymagana przepisami prawa. hipp.pl\\bio-od-pokolen- bez dodatku soli - naturalny, delikatny smak- kwas alfa-linolenowy (ALA) z grupy Omega-3 - ważny dla rozwoju mózgu i komórek nerwowych- zgodnie z przepisami prawa żywność dla niemowląt i małych dzieci nie zawiera substancji konserwujących i barwników; bez aromatówZadbaj o zrównoważoną dietę oraz zdrowy tryb życia swojego dziecka.Subrand:BIO"}, {"header": "Składniki i alergeny", "content": "Składniki:ziemniaki*,pomidory*,marchew*,woda,buraki* 10 %,wołowina* 8 %,cebula*,olej rzepakowy* 2 %,przyprawy*,*z rolnictwa ekologicznegoAlergeny:Nie zawiera Zboża zawierające glutenInne informacje o zawartości produktu:Barwniki:Nie zawiera, \n\nSmaki / Aromaty:Nie zawiera, \n\nkonserwanty:Nie zawiera"}, {"header": "Wartość odżywcza", "content": "W 100 gWartość energetyczna65 kcalTłuszcz2.8 gw tym kwasy tłuszczowe nasycone0.5 gw tym kwasy tłuszczowe jednonienasycone1.7 gw tym kwasy tłuszczowe wielonienasycone0.6 gWęglowodany6.7 gw tym cukry2 gBłonnik1.5 gBiałko2.5 gSól0.05 gWitaminy i składniki mineralnew 100  g% RWS w 100  gKwas alfa-linolenowy0.14 g0%Sód0.02 g0%Kwasy Omega3WartośćKwas alfa-linolenowy0.14 g/100  g"}, {"header": "Przechowywanie i sposób przygotowania", "content": "Sposób podania:Sposób użycia:Pełnowartościowy posiłek. Otwarty słoiczek z całą zawartością lub odpowiednią porcję przełożoną do miseczki podgrzej w kąpieli wodnej lub kuchence mikrofalowej, wymieszaj i sprawdź temperaturę. Pozostałą, niepodgrzaną zawartość słoiczka zamknij, wstaw do lodówki i zużyj następnego dnia. Nie używaj metalowej łyżeczki, aby nie uszkodzić słoiczka.Przed użyciem upewnij się, że słoiczek nie został naruszony. Nie używaj, jeśli środek wieczka się ugina. Bezpieczne zamknięcie próżniowe - klika przy pierwszym otwarciu."}, {"header": "Pozostałe informacje", "content": "Kraj pochodzenia:Produkt UEKraj pochodzenia zależy od konkretnej partii produktu jaka znajduje się w sklepie. Informację o kraju pochodzenia znajdziesz na opakowaniu. Możesz również dodać komentarz z preferowanym typem produktu w koszyku lub wiadomości dla shoppera (np. “prosze o pomidory polskie”).Producent:Wyprodukowano dla\nHiPP Polska Sp. z o.o.,\nul. Giełdowa 1,\n01-211 WarszawaNazwa wymagana prawnie:Barszczyk czerwony z delikatną wołowiną. Produkt utrwalony termicznie - sterylizowany."}], "images": ["data/images/c0941930b255d4bc34461ed07bdd2eb5.jpg"], "absolute_path": "Dla dzieci/Jedzenie dla dzieci/Dania w słoikach/Produkt 30"}
{"name": "Produkt 26", "url": "https://zakupy.biedronka.pl/gerber-gerber-jablka-mango-i-brzoskwinie-z-twarozkiem-po-6.-miesiacu-190-g-0000004725.html", "title": "Gerber Jabłka, mango i brzoskwinie z twarożkiem po 6. miesiącu 190 g", "brand": "Gerber", "price": "6.59 PLN", "packaging_details": "0.19kg- 34,68 zł / kg", "description_sections": [{"header": "Opis produktu", "content": "Żywność przeznaczona dla niemowląt i małych dzieci.Zgodnie z przepisami prawa żywność dla dzieci i niemowląt nie zawiera dodanych substancji konserwujących."}, {"header": "Składniki i alergeny", "content": "Składniki:jabłka (40 %),mango (19,5 %),woda,twarożek zmleka(11 %),brzoskwinie (9 %),skrobia kukurydziana,sok cytrynowyAlergeny:Zawiera Mleko"}, {"header": "Wartość odżywcza", "content": "W 100 gWartość energetyczna51 kcalTłuszcz0.6 gw tym kwasy tłuszczowe nasycone0 gWęglowodany10 gw tym cukry8.4 gBłonnik1 gBiałko1 gSól0.02 g"}, {"header": "Przechowywanie i sposób przygotowania", "content": "Sposób podania:Sposób przygotowania:- Potrzebną porcję przełóż do czystej miseczki - nie podawaj bezpośrednio ze słoika.- Podawaj w temperaturze pokojowej - przed karmieniem wymieszaj i sprawdź temperaturę produktu.- Podawaj dziecku w pozycji siedzącej, pod kontrolą dorosłego, używając łyżeczki innej niż metalowa."}, {"header": "Pozostałe informacje", "content": "Producent:Nestlé Polska S.A.\nul. Domaniewska 32\n02-672 WarszawaNazwa wymagana prawnie:Jabłka, mango i brzoskwinie z twarożkiem. Produkt utrwalony termicznie, pasteryzowany."}], "images": ["data/images/7cb0278e8fdbe87dab7387c95ff81c18.jpg"], "absolute_path": "Dla dzieci/Jedzenie dla dzieci/Dania w słoikach/Produkt 26"}
{"name": "Produkt 29", "url": "https://zakupy.biedronka.pl/gerber-gerber-zupka-kalafiorowa-z-krolikiem-po-8-miesiacu-190-g-0000002644.html", "title": "Gerber Zupka kalafiorowa z królikiem po 8 miesiącu 190 g", "brand": "Gerber", "price": "6.59 PLN", "packaging_details": "0.19kg- 34,68 zł / kg", "description_sections": [{"header": "Opis produktu", "content": "Urozmaicona kompozycja warzyw (kalafior, ziemniak, marchew, pietruszka) z delikatnym mięsem królika to doskonała propozycja obiadowa dla maluchów, które ukończyły 8. miesiąc życia i są na etapie poznawania nowych s"}, {"header": "Składniki i alergeny", "content": "Składniki:woda (użyta do przyrządzenia); kalafior (22%); marchew (13%); ziemniaki (10%); mięso z królika (8%); pietruszka; skrobia kukurydziana; olej roślinny; pietruszka - natka (0,2%);Inne informacje o zawartości produktu:Zawiera surowce GMO:Nie"}, {"header": "Wartość odżywcza", "content": "W 100 gWartość energetyczna kcal50 kcalZawartość tłuszczów (ogólnie)1.9 gKwasy tłuszczowe nasycone0.1 gZawartość węglowodanów5.4 gCukry0.9 gZawartość błonnika1.2 gZawartość białek2.2 gZawartość soli0.05 g"}, {"header": "Pozostałe informacje", "content": "Kraj pochodzenia:PolskaKraj pochodzenia zależy od konkretnej partii produktu jaka znajduje się w sklepie. Informację o kraju pochodzenia znajdziesz na opakowaniu. Możesz również dodać komentarz z preferowanym typem produktu w koszyku lub wiadomości dla shoppera (np. “prosze o pomidory polskie”).Producent:Nestlé Polska S.A.\nul. Domaniewska 32\n02-672 WarszawaDystrybutor:Nestle Polska S.ADomaniewska 32 02-672 Warszawacs@pl.nestle.comNazwa wymagana prawnie:Gerber Zupka kalafiorowa z królikiem po 8 miesiącu 190 g"}], "images": ["data/images/ff8e86c41ce6b7a2f5f5e7815c5488b7.jpg"], "absolute_path": "Dla dzieci/Jedzenie dla dzieci/Dania w słoikach/Produkt 29"}
{"name": "Produkt 27", "url": "https://zakupy.biedronka.pl/hipp-hipp-spaghetti-bolognese-bio-250-g-0000017291.html", "title": "HiPP, Spaghetti Bolognese BIO 250 g", "brand": "HiPP", "price": "7.79 PLN", "packaging_details": "0.25kg- 31,16 zł / kg", "description_sections": [{"header": "Opis produktu", "content": "Produkt z certyfikatem ekologicznym. Znak HiPP BIO to gwarancja jakości wyższej niż wymagana przepisami prawa UE. Przyprawione odpowiednio dla małych dzieci. Posiada kwas alfa-linolenowy (ALA) z grupy Omega-3 - ważny dla rozwoju mózgu i komórek nerwowych. Zgodnie z przepisami prawa żywność dla niemowląt i małych dzieci nie zawiera substancji konserwujących i barwników; bez aromatów - z cząstkami dopasowanymi do wieku dziecka. Zadbaj o zrównoważoną dietę oraz zdrowy tryb życia swojego dziecka."}, {"header": "Składniki i alergeny", "content": "Składniki:pomidory* 45 %, woda, marchew* 15 %, makaron spaghetti* 7 %¹ (pszenica* durum, białko kurzegojaja*, kurze jajo*), mięso wołowe* 5,0 %, cebula*,seler*, olej rzepakowy* 2,0 %, zmielony makaron* (zpszenicy* durum), mąka ryżowa*, jodowana sól, przyprawy**z rolnictwa ekologicznegoMoże zawieraćgorczycę.¹Zawartość makaronu spaghetti po ugotowaniu: 23 %Alergeny:Seler i produkty pochodne, \n\nJaja i produkty pochodne, \n\nZboża zawierajace gluten, \n\nPszenica i produkty z pszenicyInne informacje o zawartości produktu:Zawiera surowce GMO:Nie"}, {"header": "Wartość odżywcza", "content": "W 100 gWartość energetyczna kcal70 kcalZawartość tłuszczów (ogólnie)2.4 gKwasy tłuszczowe nasycone0.4 gKwasy tłuszczowe jednonienasycone1.4 gKwasy tłuszczowe wielonienasycone0.6 gZawartość węglowodanów8.8 gCukry1.9 gZawartość białek2.8 gZawartość soli0.25 g"}, {"header": "Przechowywanie i sposób przygotowania", "content": "Sposób przygotowania:Otwarty słoiczek z całą zawartością lub odpowiednią porcję przełożoną do miseczki podgrzej w kąpieli wodnej lub kuchence mikrofalowej, wymieszaj i sprawdź temperaturę. Pozostałą, niepodgrzaną zawartość słoiczka zamknij, wstaw do lodówki i zużyj następnego dnia. Nie używaj metalowej łyżeczki, aby nie uszkodzić słoiczka."}, {"header": "Pozostałe informacje", "content": "Kraj pochodzenia:Unia EuropejskaKraj pochodzenia zależy od konkretnej partii produktu jaka znajduje się w sklepie. Informację o kraju pochodzenia znajdziesz na opakowaniu. Możesz również dodać komentarz z preferowanym typem produktu w koszyku lub wiadomości dla shoppera (np. “prosze o pomidory polskie”).Producent:HiPP Polska Sp. z o.o.Giełdowa 1 01-211 Warszawa PLhipp@hipp.plDystrybutor:Jeronimo Martins Polska S.A.Żniwna 5 62-025 Kostrzyn PLImporter:HiPP Polska Sp. z o.o.Giełdowa 1 01-211 Warszawa PLhipp@hipp.plNazwa wymagana prawnie:Pełnowartościowy posiłek warzywno-mięsny dla małych dzieci Produkt utrwalony termicznie – sterylizowany"}], "images": ["data/images/bfa8cd1edf13b113d2edef333be61cfe.jpg"], "absolute_path": "Dla dzieci/Jedzenie dla dzieci/Dania w słoikach/Produkt 27"}
{"name": "Produkt 31", "url": "https://zakupy.biedronka.pl/hipp-hipp-bio-jarzynki-z-amarantusem-i-slodkim-batatem-od-6.-miesiaca-190-g-0000002561.html", "title": "HiPP BIO Jarzynki z amarantusem i słodkim batatem od 6. miesiąca 190 g", "brand": "HiPP", "price": "6.99 PLN", "packaging_details": "0.19kg- 36,79 zł / kg", "description_sections": [{"header": "Opis produktu", "content": "Produkt z certyfikatem ekologicznym. Znak HiPP BIO to gwarancja najwyższej jakości ekologicznej - jeszcze wyższej niż wymagana przepisami prawa. hipp.pl\\bio-od-pokolen- pełnowartościowy posiłek- bez dodatku soli - naturalny, delikatny smak- z żelazem - dla procesów krwiotwórczych i rozwoju poznawczego- kwas alfa-linolenowy (ALA) z grupy Omega-3 - ważny dla rozwoju mózgu i komórek nerwowych- zgodnie z przepisami prawa żywność dla niemowląt i małych dzieci nie zawiera substancji konserwujących i barwników, bez aromatówZadbaj o zrównoważoną dietę oraz zdrowy tryb życia swojego dziecka."}, {"header": "Składniki i alergeny", "content": "Składniki:marchew*, odtłuszczonemleko*, kukurydza*, woda, bataty* 8 %, mąka z amarantusa* 8 %, morele*, olej rzepakowy* 2,6 % *z rolnictwa ekologicznego Zawartość warzyw: 51 % Tekst dotyczący alergenów Produkt bezglutenowyAlergeny:Mleko i produkty pochodne (łącznie z laktozą)Inne informacje o zawartości produktu:Zawiera surowce GMO:Nie"}, {"header": "Wartość odżywcza", "content": "W 100 gWartość energetyczna kcal89 kcalZawartość tłuszczów (ogólnie)3.3 gKwasy tłuszczowe nasycone0.5 gKwasy tłuszczowe jednonienasycone1.9 gKwasy tłuszczowe wielonienasycone0.9 gZawartość węglowodanów10.9 gCukry4.1 gZawartość białek2.7 gZawartość soli0.08 gWitaminy i składniki mineralnew 100 g% RWS w 100 gSód0.03 mg0%Żelazo0.6 mg0%Żelazo (%RWS)18 %RWS0%"}, {"header": "Przechowywanie i sposób przygotowania", "content": "Sposób przygotowania:Otwarty słoiczek z całą zawartością lub odpowiednią porcję przełożoną do miseczki podgrzej w kąpieli wodnej lub kuchence mikrofalowej, wymieszaj i sprawdź temperaturę. Pozostałą, niepodgrzaną zawartość słoiczka zamknij, wstaw do lodówki i zużyj następnego dnia. Nie używaj metalowej łyżeczki, aby nie uszkodzić słoiczka."}, {"header": "Pozostałe informacje", "content": "Kraj pochodzenia:Unia EuropejskaKraj pochodzenia zależy od konkretnej partii produktu jaka znajduje się w sklepie. Informację o kraju pochodzenia znajdziesz na opakowaniu. Możesz również dodać komentarz z preferowanym typem produktu w koszyku lub wiadomości dla shoppera (np. “prosze o pomidory polskie”).Producent:Wyprodukowano dla\nHiPP Polska Sp. z o.o.,\nul. Giełdowa 1,\n01-211 Warszawa,\nwww.hipp.plDystrybutor:HiPP Polska Sp. z o.o.Giełdowa 1 01-211 Warszawahipp@hipp.plNazwa wymagana prawnie:HiPP BIO od pokoleń, Jarzynki z amarantusem i słodkim batatem, od 6. m-ca, 190 g"}], "images": ["data/images/8c07e8cd7dc3e51d4763e9ae0910fd23.jpg"], "absolute_path": "Dla dzieci/Jedzenie dla dzieci/Dania w słoikach/Produkt 31"}
{"name": "Produkt 35", "url": "https://zakupy.biedronka.pl/hipp-hipp-bio-kluseczki-z-pomidorami-i-cielecina-220-g-0000002568.html", "title": "HiPP BIO Kluseczki z pomidorami i cielęciną 220 g", "brand": "HiPP", "price": "7.29 PLN", "packaging_details": "0.22kg- 33,14 zł / kg", "description_sections": [{"header": "Opis produktu", "content": "Produkt z certyfikatem ekologicznym. Znak HiPP BIO to gwarancja jakości wyższej niż wymagana przepisami prawa UE. hipp.pl\\bio-od-pokolen- bez dodatku soli - naturalny, delikatny smak- kwas alfa-linolenowy (ALA) z grupy Omega-3 - ważny dla rozwoju mózgu i komórek nerwowych- zgodnie z przepisami prawa żywność dla niemowląt i małych dzieci nie zawiera substancji konserwujących i barwników; bez aromatów- z cząstkami wspierającymi naukę gryzieniaZadbaj o zrównoważoną dietę oraz zdrowy tryb życia swojego dziecka.Subrand:BIO"}, {"header": "Składniki i alergeny", "content": "Składniki:woda,pomidory* 26 %,mięso cielęce* 8,1 %,marchew*,ugotowany makaron* 5 %¹ (z pszenicy* durum),mąka pszenna*,seler*,olej rzepakowy* 2,5 %,cebula*,przyprawy*,*z rolnictwa ekologicznego,¹Zawartość makaronu po ugotowaniu: 19 %Alergeny:Zawiera Seler, \n\nMoże zawierać Jaja, \n\nZawiera PszenicaInne informacje o zawartości produktu:Barwniki:Nie zawiera, \n\nSmaki / Aromaty:Nie zawiera, \n\nkonserwanty:Nie zawiera"}, {"header": "Wartość odżywcza", "content": "W 100 gWartość energetyczna70 kcalTłuszcz3.1 gw tym kwasy tłuszczowe nasycone0.4 gw tym kwasy tłuszczowe jednonienasycone1.9 gw tym kwasy tłuszczowe wielonienasycone0.8 gWęglowodany7.3 gw tym cukry1 gBiałko2.9 gSól0.05 gWitaminy i składniki mineralnew 100  g% RWS w 100  gKwas alfa-linolenowy0.17 g0%Sód0.02 g0%Kwasy Omega3WartośćKwas alfa-linolenowy0.17 g/100  g"}, {"header": "Przechowywanie i sposób przygotowania", "content": "Sposób podania:Sposób użycia: Pełnowartościowy posiłek. Otwarty słoiczek z całą zawartością lub odpowiednią porcję przełożoną do miseczki podgrzej w kąpieli wodnej lub kuchence mikrofalowej, wymieszaj i sprawdź temperaturę. Pozostałą, niepodgrzaną zawartość słoiczka zamknij, wstaw do lodówki i zużyj następnego dnia. Nie używaj metalowej łyżeczki, aby nie uszkodzić słoiczka.  Jakość tego produktu w momencie opuszczania zakładu produkcyjnego była bez zarzutu - przed użyciem upewnij się, że słoiczek nie został naruszony. Nie używaj, jeśli środek wieczka się ugina. Bezpieczne zamknięcie próżniowe - klika przy pierwszym otwarciu."}, {"header": "Pozostałe informacje", "content": "Kraj pochodzenia:Produkt UEKraj pochodzenia zależy od konkretnej partii produktu jaka znajduje się w sklepie. Informację o kraju pochodzenia znajdziesz na opakowaniu. Możesz również dodać komentarz z preferowanym typem produktu w koszyku lub wiadomości dla shoppera (np. “prosze o pomidory polskie”).Nazwa wymagana prawnie:Kluseczki z pomidorami i cielęciną. Produkt utrwalony termicznie - sterylizowany."}], "images": ["data/images/05923256d339f0cfe85be6c86312e9cd.jpg"], "absolute_path": "Dla dzieci/Jedzenie dla dzieci/Dania w słoikach/Produkt 35"}
{"name": "Produkt 34", "url": "https://zakupy.biedronka.pl/gerber-gerber-zupka-krupniczek-drobiowy-z-warzywami-po-9-miesiacu-190-g-0000002642.html", "title": "Gerber Zupka Krupniczek drobiowy z warzywami po 9 miesiącu 190 g", "brand": "Gerber", "price": "6.59 PLN", "packaging_details": "0.19kg- 34,68 zł / kg", "description_sections": [{"header": "Opis produktu", "content": "Tradycyjna, polska zupka w dziecięcym wydaniu, dostosowana do potrzeb żywieniowych maluchów po 8. miesiącu życia. Częściowo rozdrobniona konsystencja z wyczuwalnymi grudkami jest odpowiednia na etapie nauki żucia i gryzienia."}, {"header": "Składniki i alergeny", "content": "Składniki:woda, marchewka (15%), pietruszka, ziemniaki (10%),mięso drobiowe (z kurczaka i indyka) (8%), cebula, kaszajęczmienna(2%), skrobia kukurydziana, oleje roślinne (rzepakowy, słonecznikowy), pietruszka - natka (0,8%). Warzywa ogółem: 45,8%Alergeny:Zboża zawierajace gluten, \n\nJęczmień i produkty jęczmienneInne informacje o zawartości produktu:Zawiera surowce GMO:Nie"}, {"header": "Wartość odżywcza", "content": "W 100 gWartość energetyczna kcal50 kcalZawartość tłuszczów (ogólnie)1.3 gKwasy tłuszczowe nasycone0.4 gZawartość węglowodanów6.6 gCukry0.6 gZawartość błonnika1.5 gZawartość białek2.3 gZawartość soli0.05 g"}, {"header": "Pozostałe informacje", "content": "Kraj pochodzenia:PolskaKraj pochodzenia zależy od konkretnej partii produktu jaka znajduje się w sklepie. Informację o kraju pochodzenia znajdziesz na opakowaniu. Możesz również dodać komentarz z preferowanym typem produktu w koszyku lub wiadomości dla shoppera (np. “prosze o pomidory polskie”).Producent:Nestlé Polska S.A.\nul. Domaniewska 32\n02-672 WarszawaDystrybutor:Nestle Polska S.ADomaniewska 32 02-672 Warszawacs@pl.nestle.comNazwa wymagana prawnie:Krupniczek drobiowy z warzywami. Produkt utrwalony termicznie, sterylizowany."}], "images": ["data/images/da2b2c171ac144ae2a27213586816b99.jpg"], "absolute_path": "Dla dzieci/Jedzenie dla dzieci/Dania w słoikach/Produkt 34"}
{"name": "Produkt 33", "url": "https://zakupy.biedronka.pl/hipp-hipp-bio-pierwsze-jablko-po-4.-miesiacu-80-g-0000008412.html", "title": "HiPP BIO Pierwsze jabłko po 4. miesiącu 80 g", "brand": "HiPP", "price": "3.66 PLN", "packaging_details": "0.08kg- 45,75 zł / kg", "description_sections": [{"header": "Opis produktu", "content": "Produkt z certyfikatem ekologicznym. Znak HiPP BIO to gwarancja najwyższej jakości ekologicznej - jeszcze wyższej niż wymagana przepisami prawa. hipp.pl\\bio-od-pokolen- bez dodatku cukru - zawiera naturalnie występujące cukry- zgodnie z przepisami prawa żywność dla niemowląt i małych dzieci nie zawiera substancji konserwujących i barwników; bez aromatówSubrand:BIO"}, {"header": "Składniki i alergeny", "content": "Składniki:jabłka* 100 %,*z rolnictwa ekologicznegoAlergeny:Nie zawiera Zboża zawierające glutenInne informacje o zawartości produktu:Barwniki:Nie zawiera, \n\nSmaki / Aromaty:Nie zawiera, \n\nkonserwanty:Nie zawiera"}, {"header": "Wartość odżywcza", "content": "W 100 gWartość energetyczna50 kcalTłuszcz0.1 gw tym kwasy tłuszczowe nasycone0 gWęglowodany11.2 gw tym cukry10.7 gBłonnik1.7 gBiałko0.2 gSól0.05 gWitaminy i składniki mineralnew 100  g% RWS w 100  gSód0.02 g0%"}, {"header": "Przechowywanie i sposób przygotowania", "content": "Sposób podania:Sposób użycia: Idealne jako pierwsze owoce w diecie dziecka, po etapie wprowadzenia warzyw. Potrzebną porcję przełóż do miseczki. Pozostałą zawartość słoiczka zamknij, wstaw do lodówki i zużyj w ciągu 3 dni. Nie używaj metalowej łyżeczki, aby nie uszkodzić słoiczka.Przed użyciem upewnij się, że słoiczek nie został naruszony. Nie używaj, jeśli środek wieczka się ugina. Bezpieczne zamknięcie próżniowe - klika przy pierwszym otwarciu."}, {"header": "Pozostałe informacje", "content": "Kraj pochodzenia:Produkt UEKraj pochodzenia zależy od konkretnej partii produktu jaka znajduje się w sklepie. Informację o kraju pochodzenia znajdziesz na opakowaniu. Możesz również dodać komentarz z preferowanym typem produktu w koszyku lub wiadomości dla shoppera (np. “prosze o pomidory polskie”).Producent:Wyprodukowano dla\nHiPP Polska Sp. z o.o.,\nul. Giełdowa 1,\n01-211 Warszawa,\nwww.hipp.plNazwa wymagana prawnie:Pierwsze jabłko. Przecier owocowy dla niemowląt, pasteryzowany."}], "images": ["data/images/71b2f1993f792ea121c260dab0bc7ecf.jpg"], "absolute_path": "Dla dzieci/Jedzenie dla dzieci/Dania w słoikach/Produkt 33"}
{"name": "Produkt 32", "url": "https://zakupy.biedronka.pl/hipp-hipp-bio-puree-z-ziemniaczkow-z-kukurydza-i-indykiem-po-5.-miesiacu-190-g-0000002552.html", "title": "HiPP BIO Puree z ziemniaczków z kukurydzą i indykiem po 5. miesiącu 190 g", "brand": "HiPP", "price": "6.99 PLN", "packaging_details": "0.19kg- 36,79 zł / kg", "description_sections": [{"header": "Opis produktu", "content": "Produkt z certyfikatem ekologicznym. Znak HiPP BIO to gwarancja najwyższej jakości ekologicznej - jeszcze wyższej niż wymagana przepisami prawa. hipp.pl\\bio-od-pokolen- bez dodatku soli - naturalny, delikatny smak- kwas alfa-linolenowy (ALA) z grupy Omega-3 - ważny dla rozwoju mózgu i komórek nerwowych- zgodnie z przepisami prawa żywność dla niemowląt i małych dzieci nie zawiera substancji konserwujących i barwników- bez aromatówZadbaj o zrównoważoną dietę oraz zdrowy tryb życia swojego dziecka.Subrand:BIO"}, {"header": "Składniki i alergeny", "content": "Składniki:woda,kukurydza* 23 %,ziemniaki* 21 %,mięso z indyka* 8,5 %,skrobia ryżowa*,olej rzepakowy* 1,9 %,*z rolnictwa ekologicznegoAlergeny:Nie zawiera Zboża zawierające glutenInne informacje o zawartości produktu:Barwniki:Nie zawiera, \n\nSmaki / Aromaty:Nie zawiera, \n\nkonserwanty:Nie zawiera"}, {"header": "Wartość odżywcza", "content": "W 100 gWartość energetyczna77 kcalTłuszcz3 gw tym kwasy tłuszczowe nasycone0.5 gw tym kwasy tłuszczowe jednonienasycone1.6 gw tym kwasy tłuszczowe wielonienasycone0.9 gWęglowodany9.3 gw tym cukry2 gBłonnik0.9 gBiałko2.7 gSól0.05 gWitaminy i składniki mineralnew 100  g% RWS w 100  gKwas alfa-linolenowy0.14 g0%Sód0.02 g0%Kwasy Omega3WartośćKwas alfa-linolenowy0.14 g/100  g"}, {"header": "Przechowywanie i sposób przygotowania", "content": "Sposób podania:Sposób użycia:Otwarty słoiczek z całą zawartością lub odpowiednią porcję przełożoną do miseczki podgrzej w kąpieli wodnej lub kuchence mikrofalowej, wymieszaj i sprawdź temperaturę. Pozostałą, niepodgrzaną zawartość słoiczka zamknij, wstaw do lodówki i zużyj następnego dnia. Nie używaj metalowej łyżeczki, aby nie uszkodzić słoiczka.Jakość tego produktu w momencie opuszczania zakładu produkcyjnego była bez zarzutu - przed użyciem upewnij się, że słoiczek nie został naruszony. Nie używaj, jeśli środek wieczka się ugina. Bezpieczne zamknięcie próżniowe - klika przy pierwszym otwarciu."}, {"header": "Pozostałe informacje", "content": "Kraj pochodzenia:Produkt UEKraj pochodzenia zależy od konkretnej partii produktu jaka znajduje się w sklepie. Informację o kraju pochodzenia znajdziesz na opakowaniu. Możesz również dodać komentarz z preferowanym typem produktu w koszyku lub wiadomości dla shoppera (np. “prosze o pomidory polskie”).Producent:Wyprodukowano dla\nHiPP Polska Sp. z o.o.,\nul. Giełdowa 1,\n01-211 Warszawa,\nwww.hipp.plNazwa wymagana prawnie:Pełnowartościowy posiłek warzywno-mięsny dla niemowląt. Puree z ziemniaczków z kukurydzą i indykiem. Produkt utrwalony termicznie - sterylizowany."}], "images": ["data/images/309e78ec784eb2355e0b133b0923ec42.jpg"], "absolute_path": "Dla dzieci/Jedzenie dla dzieci/Dania w słoikach/Produkt 32"}
{"name": "Produkt 3", "url": "https://zakupy.biedronka.pl/bobovita-bobovita-porcja-zboz-kaszka-mleczna-7-zboz-zbozowo-owsiana-truskawka-banan-po-8-miesiacu-210-g-0000010841.html", "title": "BoboVita Porcja zbóż Kaszka mleczna 7 zbóż zbożowo-owsiana truskawka-banan po 8 miesiącu 210 g", "brand": "BoboVita", "price": "11.99 PLN", "packaging_details": "0.21kg- 57,10 zł / kg", "description_sections": [{"header": "Opis produktu", "content": "1000 pierwszych dni1000 pierwszych dni życia to wyjątkowy czas, w którym przez odpowiedni sposób żywienia możesz pozytywnie wpływać na zdrowie teraz i w przyszłości. Zadbaj o zdrowie i rozwój dziecka, zapewniając mu urozmaiconą i zbilansowaną dietę, złożoną z najwyższej jakości produktów odpowiednich do wieku i potrzeb.nasza obietnica...Razem z BoboVita Porcja Zbóż pomożesz Twojemu dziecku odkryć i polubić różnorodność zbóż. BoboVita Porcja Zbóż powstaje z najwyższej jakości różnorodnych zbóż, także tych z pełnego przemiału, pochodzących z upraw specjalnie dedykowanych najmłodszym dzieciom. Nie zawiera dodatku cukru, a tylko naturalnie występujące cukry.Porcja Zbóż mleczna 7 zbóż zbożowo-owsiana truskawka banan to zbilansowany i pełnowartościowy posiłek mleczno-zbożowy skomponowany tak, by zawierał to, co dobre dla Twojego dziecka.mleko modyfikowane - odpowiednie do wieku dziecka + zboża - pszenica, orkisz, gryka, ryż, proso, żyto, owies - ważne składniki zbilansowanego jadłospisu + owoce - pyszny smak bananów, truskawek i jabłekŹródło kluczowych witamin i składników mineralnych:Zawiera 7 witamin (A*, D*, E, C, tiamina*, B6, biotyna) + składniki mineralne (wapń*, jod, żelazo).Żelazo i wit. C dla prawidłowego funkcjonowania układu odpornościowegoJod dla wsparcia rozwoju poznawczegoBiotyna dla prawidłowego metabolizmu energetycznegoWarto wiedzieć!Zboża są istotnym elementem prawidłowej diety, bardzo ważnym w codziennym, urozmaiconym jadłospisie, a nasza kaszka Porcja Zbóż to pełnowartościowy, pożywny posiłek mleczno-zbożowy.Czy wiesz, że...Zboża z pełnego przemiału uważa się za bardzo wartościowe, zawierają bowiem cenne składniki odżywcze.gwarantujemy!!!Nasze kaszki BoboVita to gwarancja jakości i bezpieczeństwa. Możesz mieć pewność, że zboża i owoce w kaszkach pochodzą wyłącznie ze starannie skontrolowanych pól i sadów, a wszystkie produkty spełniają rygorystyczne normy jakościowe żywności dla najmłodszych.To dla nas naturalne, aby kaszki BoboVita Porcja Zbóż były:bez dodatku cukrubez oleju palmowegobez konserwantów i barwników** zgodnie z przepisami prawaProdukt dla niemowląt i małych dzieci.Subrand:Porcja zbóż"}, {"header": "Składniki i alergeny", "content": "Składniki:mlekomodyfikowane 54,1% [odtłuszczonemlekow proszku, odmineralizowana serwatka w proszku (zmleka), oleje roślinne (słonecznikowy, rzepakowy, wysokooleinowy słonecznikowy, kokosowy), witaminy i składniki mineralne (C, E, A, D, biotyna, tiamina, B6, wapń, żelazo, jod)],pełnoziarniste mąki 39,2 % (pszenna36 %, zpszenicyorkisz0,8 %, jaglana 0,8 %,żytnia0,8 %,owsiana0,8 %),płatki bananowe 2 %,jabłko w proszku 1,5 %,płatki truskawkowe 1,5 % (suszona truskawka, mąka ryżowa),mąka gryczana 0,8 %,mąka ryżowa 0,8 %,naturalny aromat"}, {"header": "Przechowywanie i sposób przygotowania", "content": "Sposób podania:Sposób przygotowania: Zawsze przestrzegaj instrukcji właściwego przygotowania. Zanim przystąpisz do sporządzania posiłku dla dziecka, umyj dokładnie ręce i upewnij się, czy naczynia, których będziesz używać są czyste.  Krok 1. Zagotuj wodę i odmierz 155 ml, wlej do miseczki i ostudź do temperatury ok. 50°C. Krok 2. Wsyp powoli 45 g kaszki (5 łyżek stołowych). Krok 3. Mieszaj do uzyskania jednolitej konsystencji. Odczekaj chwilę, aż kaszka zgęstnieje. Krok 4. Sprawdź temperaturę posiłku. Gotową kaszkę podaj dziecku lub pozwól spróbować samodzielnego jedzenia łyżeczką.  Nie podawaj ponownie resztek posiłku.  8+ 1-2 orientacyjna dzienna liczba porcji w zależności od wieku dziecka i rekomendacji lekarza 12+ 1-2 orientacyjna dzienna liczba porcji przy zachowaniu różnorodnej diety  Dla zdrowia dziecka istotna jest urozmaicona i zbilansowana dieta oraz zdrowy tryb życia. Komponując jadłospis kieruj się zasadami żywienia i rekomendacją lekarza. Pamiętaj o higienie ząbków swojego dziecka."}, {"header": "Pozostałe informacje", "content": "Dystrybutor:Jeronimo Martins Polska S.A.Żniwna 5 62-025 Kostrzyn PLImporter:Jeronimo Martins Polska S.A.Żniwna 5 62-025 Kostrzyn PLNazwa wymagana prawnie:BoboVita Porcja zbóż Kaszka mleczna 7 zbóż zbożowo-owsiana truskawka-banan po 8 miesiącu 210 g"}], "images": ["data/images/907c7a362ea29683e1be0dcc0331613d.jpg"], "absolute_path": "Dla dzieci/Jedzenie dla dzieci/Kaszki/Produkt 3"}
{"name": "Produkt 36", "url": "https://zakupy.biedronka.pl/hipp-hipp-bio-kuskus-z-warzywami-i-kurczakiem-220-g-0000002565.html", "title": "HiPP BIO Kuskus z warzywami i kurczakiem 220 g", "brand": "HiPP", "price": "7.29 PLN", "packaging_details": "0.22kg- 33,14 zł / kg", "description_sections": [{"header": "Opis produktu", "content": "Produkt z certyfikatem ekologicznym. Znak HiPP BIO to gwarancja jakości wyższej niż wymagana przepisami prawa UE. hipp.pl\\bio-od-pokolen- bez dodatku soli - naturalny, delikatny smak- kwas alfa-linolenowy (ALA) z grupy Omega-3 - ważny dla rozwoju mózgu i komórek nerwowych- zgodnie z przepisami prawa, żywność dla niemowląt i małych dzieci nie zawiera substancji konserwujących i barwników; bez aromatów- z cząstkami wspierającymi naukę gryzieniaZadbaj o zrównoważoną dietę oraz zdrowy tryb życia swojego dziecka.Subrand:BIO"}, {"header": "Składniki i alergeny", "content": "Składniki:woda,marchew*,pomidory*,mięso z kurczaka* 8,0 %,cukinia*,kuskus* 5 %¹ (z pszenicy* durum),cebula*,mango*,mąka pszenna*,olej rzepakowy* 1,6 %,przyprawy*,*z rolnictwa ekologicznego,¹zawartość kuskusu po ugotowaniu: 11 %,Zawartość warzyw: 49 %Alergeny:Zawiera PszenicaInne informacje o zawartości produktu:Barwniki:Nie zawiera, \n\nSmaki / Aromaty:Nie zawiera, \n\nkonserwanty:Nie zawiera"}, {"header": "Wartość odżywcza", "content": "W 100 gWartość energetyczna68 kcalTłuszcz2.7 gw tym kwasy tłuszczowe nasycone0.5 gw tym kwasy tłuszczowe jednonienasycone1.4 gw tym kwasy tłuszczowe wielonienasycone0.8 gWęglowodany7.3 gw tym cukry2.2 gBiałko2.8 gSól0.05 gWitaminy i składniki mineralnew 100  g% RWS w 100  gKwas alfa-linolenowy0.11 g0%Sód0.02 g0%Kwasy Omega3WartośćKwas alfa-linolenowy0.11 g/100  g"}, {"header": "Przechowywanie i sposób przygotowania", "content": "Sposób podania:Sposób użycia: Pełnowartościowy posiłek. Otwarty słoiczek z całą zawartością lub odpowiednią porcję przełożoną do miseczki podgrzej w kąpieli wodnej lub kuchence mikrofalowej, wymieszaj i sprawdź temperaturę. Pozostałą, niepodgrzaną zawartość słoiczka zamknij, wstaw do lodówki i zużyj następnego dnia. Nie używaj metalowej łyżeczki, aby nie uszkodzić słoiczka.  Jakość tego produktu w momencie opuszczania zakładu produkcyjnego była bez zarzutu - przed użyciem upewnij się, że słoiczek nie został naruszony. Nie używaj, jeśli środek wieczka się ugina. Bezpieczne zamknięcie próżniowe - klika przy pierwszym otwarciu."}, {"header": "Pozostałe informacje", "content": "Kraj pochodzenia:Produkt UEKraj pochodzenia zależy od konkretnej partii produktu jaka znajduje się w sklepie. Informację o kraju pochodzenia znajdziesz na opakowaniu. Możesz również dodać komentarz z preferowanym typem produktu w koszyku lub wiadomości dla shoppera (np. “prosze o pomidory polskie”).Nazwa wymagana prawnie:Kuskus z warzywami i kurczakiem. Produkt utrwalony termicznie - sterylizowany."}], "images": ["data/images/ee55f16b578e932c3fa7e2c1815bc238.jpg"], "absolute_path": "Dla dzieci/Jedzenie dla dzieci/Dania w słoikach/Produkt 36"}
{"name": "Produkt 1", "url": "https://zakupy.biedronka.pl/kubus-kubus-mus-100-truskawka-jablko-banan-marchew-100-g-0000007170.html", "title": "Kubuś Mus 100 % truskawka jabłko banan marchew 100 g", "brand": "Kubuś", "price": "2.49 PLN", "packaging_details": "0.1kg- 24,90 zł / kg", "description_sections": [{"header": "Opis produktu", "content": "To smaczna, pożywna i naturalna przekąska w formie musu z truskawek, jabłek, bananów i marchwi, bez dodatku cukru. Jest źródłem cennego błonnika, który reguluje pracę jelit oraz witaminy C. Kubuś Mus to idealny produkt dla dzieci na drugie śniadanie w wygodnym, lekkim i bezpiecznym opakowaniu. Dzięki temu jest doskonałą propozycją do śniadaniówki, plecaka, na spacer czy na szkolną wycieczkę!"}, {"header": "Składniki i alergeny", "content": "Składniki:przeciery z: jabłek (40%) bananów (30%), truskawek (25%) i marchwi (5%)Inne informacje o zawartości produktu:Zawiera surowce GMO:Nie, \n\nOsłonka niejadalna:Nie, \n\nInformacje szczegółowe dotyczące środków słodzących:Nie, \n\nZawiera lukrecję:Nie, \n\nZawiera chininę:Nie, \n\nZawiera taurynę:Nie, \n\nZawiera przeciwutleniacze:Nie, \n\nZawiera wzmacniacze smaku:Nie, \n\nZawiera fosforany:Nie, \n\nZawiera siarczyny:Nie, \n\nZawiera barwniki:Nie, \n\nZawiera substancje konserwujące:Nie, \n\nŚrodki spozywcze z dodatkiem fitosteroli, estrów fitosteroli, fitostanoli lub estrów fitostanoli:Nie"}, {"header": "Wartość odżywcza", "content": "W 100 gWartość energetyczna kcal58 kcalZawartość tłuszczów (ogólnie)0.5 gKwasy tłuszczowe nasycone0.1 gZawartość węglowodanów12 gCukry12 gZawartość błonnika1.4 gZawartość białek0.7 gZawartość soli0.01 g"}, {"header": "Pozostałe informacje", "content": "Kraj pochodzenia:PolskaKraj pochodzenia zależy od konkretnej partii produktu jaka znajduje się w sklepie. Informację o kraju pochodzenia znajdziesz na opakowaniu. Możesz również dodać komentarz z preferowanym typem produktu w koszyku lub wiadomości dla shoppera (np. “prosze o pomidory polskie”).Producent:MWS Sp. z o. o.\nul. Strefowa 13,\n43-100 TychDystrybutor:MWS Sp. z o.o.Strefowa 13 43-100 Tychymaspex@maspex.comNazwa wymagana prawnie:Mus wieloowocowo- marchwiowy. Pasteryzowany. Bez dodatku cukrów. Zawiera naturalnie występujące cukry, Źródło błonnika."}], "images": ["data/images/3949d9b92d9c94b96c19fbb2781a5bdf.jpg"], "absolute_path": "Dla dzieci/Jedzenie dla dzieci/Desery i przekąski/Produkt 1"}
{"name": "Produkt 1", "url": "https://zakupy.biedronka.pl/bobovita-bobovita-porcja-zboz-kaszka-mleczna-7-zboz-zbozowo-jaglana-owocowa-po-8-miesiacu-210-g-0000006653.html", "title": "BoboVita Porcja zbóż Kaszka mleczna 7 zbóż zbożowo-jaglana owocowa po 8 miesiącu 210 g", "brand": "BoboVita", "price": "11.99 PLN", "packaging_details": "0.21kg- 57,10 zł / kg", "description_sections": [{"header": "Opis produktu", "content": "1000 pierwszych dni1000 pierwszych dni życia to wyjątkowy czas, w którym przez odpowiedni sposób żywienia możesz pozytywnie wpływać na zdrowie teraz i w przyszłości. Zadbaj o zdrowie i rozwój dziecka, zapewniając mu urozmaiconą i zbilansowaną dietę, złożoną z najwyższej jakości produktów odpowiednich do wieku i potrzeb.Razem z BoboVita Porcja Zbóż pomożesz Twojemu dziecku odkryć i polubić różnorodność zbóż. BoboVita Porcja Zbóż powstaje z najwyższej jakości różnorodnych zbóż, także tych z pełnego przemiału, pochodzących z upraw specjalnie dedykowanych najmłodszym dzieciom. Nie zawiera dodatku cukru, a tylko naturalnie występujące cukry.Porcja Zbóż mleczna 7 zbóż zbożowo-jaglana owocowa to zbilansowany i pełnowartościowy posiłek mleczno-zbożowy skomponowany tak, by zawierał to, co dobre dla Twojego dziecka.mleko modyfikowane - odpowiednie do wieku dziecka + zboża - pszenica, orkisz, gryka, ryż, proso, żyto, owies - ważne składniki zbilansowanego jadłospisu + owoce - pyszny smak jabłek, bananów, pomarańczy, gruszekŹródło kluczowych witamin i składników mineralnych.Zawiera 7 witamin (A*, D*, E, C, tiamina*, B6, biotyna) + składniki mineralne (wapń*, jod, żelazo).Żelazo i wit. C dla prawidłowego funkcjonowania układu odpornościowegoJod dla wsparcia rozwoju poznawczegoBiotyna dla prawidłowego metabolizmu energetycznego*wymagane przepisami prawa w kaszkach mlecznychWarto wiedzieć!Zboża są istotnym elementem prawidłowej diety, bardzo ważnym w codziennym, urozmaiconym jadłospisie, a nasza kaszka Porcja Zbóż to pełnowartościowy, pożywny posiłek mleczno-zbożowy.Czy wiesz, że...Zboża z pełnego przemiału uważa się za bardzo wartościowe, zawierają bowiem cenne składniki odżywcze.gwarantujemy!!!Nasze kaszki BoboVita to gwarancja jakości i bezpieczeństwa. Możesz mieć pewność, że zboża i owoce w kaszkach pochodzą wyłącznie ze starannie skontrolowanych pól i sadów, a wszystkie produkty spełniają rygorystyczne normy jakościowe żywności dla najmłodszych.To dla nas naturalne, aby kaszki BoboVita Porcja Zbóż były:bez dodatku cukrubez oleju palmowegobez konserwantów i barwników** zgodnie z przepisami prawa wszystkie kaszki dla niemowląt i małych dzieci nie zawierają konserwantów i barwnikówProdukt dla niemowląt i małych dzieci.Subrand:Porcja zbóż"}, {"header": "Składniki i alergeny", "content": "Składniki:mlekomodyfikowane 53,8 % [odtłuszczonemlekow proszku, odmineralizowana serwatka w proszku (zmleka), oleje roślinne (słonecznikowy, rzepakowy, wysokooleinowy słonecznikowy, kokosowy), witaminy i składniki mineralne (C, E, A, D, biotyna, tiamina, B6, wapń, żelazo, jod)],mąki pełnoziarniste 35,6 % (pszenna33,2 %, zpszenicyorkisz0,8 %,żytnia0,8 %,owsiana0,8 %),proszek jabłkowy 4 %,płatki bananowe 2 %,płatki pomarańczowe 1,3 % (suszony sok pomarańczowy, mąka ryżowa),płatki gruszkowe 0,9 % (suszona gruszka, mąka ryżowa),mąka jaglana 0,8 %,mąka gryczana 0,8 %,mąka ryżowa 0,8 %"}, {"header": "Przechowywanie i sposób przygotowania", "content": "Sposób podania:Sposób przygotowania: Zawsze przestrzegaj instrukcji właściwego przygotowania. Zanim przystąpisz do sporządzania posiłku dla dziecka, umyj dokładnie ręce i upewnij się, czy naczynia, których będziesz używać są czyste.  Krok 1. Zagotuj wodę i odmierz 150 ml, wlej do miseczki i ostudź do temperatury ok. 50°C. Krok 2. Wsyp powoli 50 g kaszki (6 łyżek stołowych). Krok 3. Mieszaj do uzyskania jednolitej konsystencji. Odczekaj chwilę, aż kaszka zgęstnieje. Krok 4. Sprawdź temperaturę posiłku. Gotową kaszkę podaj dziecku lub pozwól spróbować samodzielnego jedzenia łyżeczką.  Nie podawaj ponownie resztek posiłku.  8+ 1-2 orientacyjna dzienna liczba porcji w zależności od wieku dziecka i rekomendacji lekarza 12+ 1-2 orientacyjna dzienna liczba porcji przy zachowaniu różnorodnej diety  Dla zdrowia dziecka istotna jest urozmaicona i zbilansowana dieta oraz zdrowy tryb życia. Komponując jadłospis kieruj się zasadami żywienia i rekomendacją lekarza. Pamiętaj o higienie ząbków swojego dziecka."}, {"header": "Pozostałe informacje", "content": "Dystrybutor:Jeronimo Martins Polska S.A.Żniwna 5 62-025 Kostrzyn PLImporter:Jeronimo Martins Polska S.A.Żniwna 5 62-025 Kostrzyn PLNazwa wymagana prawnie:BoboVita Porcja zbóż Kaszka mleczna 7 zbóż zbożowo-jaglana owocowa po 8 miesiącu 210 g"}], "images": ["data/images/5e1bc0e2c08f87997a3a976217116f60.jpg", "data/images/5266802640de842ab137d5ef8d658314.jpg"], "absolute_path": "Dla dzieci/Jedzenie dla dzieci/Kaszki/Produkt 1"}
{"name": "Produkt 2", "url": "https://zakupy.biedronka.pl/bobovita-bobovita-porcja-zboz-kaszka-mleczna-manna-brzoskwinia-banan-po-4-miesiacu-210-g-0000006657.html", "title": "BoboVita Porcja zbóż Kaszka mleczna manna brzoskwinia-banan po 4 miesiącu 210 g", "brand": "BoboVita", "price": "11.99 PLN", "packaging_details": "0.21kg- 57,10 zł / kg", "description_sections": [{"header": "Opis produktu", "content": "1000 pierwszych dni1000 pierwszych dni życia to wyjątkowy czas, w którym przez odpowiedni sposób żywienia możesz pozytywnie wpływać na zdrowie teraz i w przyszłości. Zadbaj o zdrowie i rozwój dziecka, zapewniając mu urozmaiconą i zbilansowaną dietę, złożoną z najwyższej jakości produktów odpowiednich do wieku i potrzeb.Nasza obietnica...Razem z BoboVita Porcja Zbóż pomożesz Twojemu dziecku odkryć i polubić różnorodność zbóż. BoboVita Porcja Zbóż powstaje z najwyższej jakości różnorodnych zbóż, pochodzących z upraw specjalnie dedykowanych najmłodszym dzieciom. Nie zawiera dodatku cukru, a tylko naturalnie występujące cukry.Kaszka Porcja Zbóż mleczna manna brzoskwinia-banan to zbilansowany i pełnowartościowy posiłek skomponowany tak, by zawierał to, co dobre dla Twojego dziecka.zboże - pszenica  - ważne składniki zbilansowanego jadłospisu + mleko + owoce - pyszny smak bananów i brzoskwińŹródło kluczowych witamin i składników mineralnych:Zawiera 7 witamin (A*, D*, E, C, tiamina*, B6, biotyna) + składniki mineralne (wapń*, jod, żelazo)*wymagane przepisami prawaWapń i wit. D dla prawidłowego rozwoju kościŻelazo i wit. C dla prawidłowego funkcjonowania układu odpornościowegoJod dla prawidłowego rozwoju poznawczegoWarto wiedzieć!Wprowadzenie glutenu do diety niemowlęcia można rozpocząć po ukończeniu przez nie 4 miesiąca życia. W początkowym okresie wprowadzanie glutenu należy rozpocząć od niewielkich ilości. Z czasem niemowlę będzie mogło spożywać już całą porcję kaszki zawierającej gluten.Czy wiesz, że...Każda partia naszych zbóż przechodzi nawet ponad 600 testów jakości.gwarantujemy!!!Nasze kaszki Bobovita to gwarancja jakości i bezpieczeństwa. Możesz mieć pewność, że zboża i owoce w kaszkach pochodzą wyłącznie ze starannie skontrolowanych pól i sadów, a wszystkie produkty spełniają rygorystyczne normy jakościowe żywności dla najmłodszych.Produkt dla niemowląt i małych dzieci. Produkt przeznaczony do uzupełnienia diety, której podstawą jest mleko kobiece lub modyfikowane. Karmienie piersią jest najlepsze dla dziecka.Bez dodatku cukru. Zawiera naturalnie występujące cukry.Cukry te pochodzą wyłącznie ze zbóż i owoców.Bez oleju palmowego.Subrand:Porcja zbóż"}, {"header": "Składniki i alergeny", "content": "Składniki:kasza manna (zpszenicy) 38 %,odtłuszczonemlekow proszku 25,3 %,odmineralizowana serwatka w proszku (zmleka) 17 %,oleje roślinne (słonecznikowy, rzepakowy, wysokooleinowy słonecznikowy, kokosowy),płatki bananowe 7 %,płatki brzoskwiniowe 1% (suszona brzoskwinia, mąka ryżowa),witaminy i składniki mineralne (C, E, A, D, biotyna, tiamina, B6, wapń, żelazo, jod)Alergeny:Zawiera Zboża zawierające gluten, \n\nZawiera Mleko, \n\nMoże zawierać Gorczyca, \n\nMoże zawierać Soja, \n\nZawiera PszenicaInne informacje o zawartości produktu:Barwniki:Nie zawiera, \n\nkonserwanty:Nie zawiera"}, {"header": "Wartość odżywcza", "content": "W 100 gWartość energetyczna430 kcalTłuszcz11 gw tym kwasy tłuszczowe nasycone2.6 gWęglowodany64 gw tym cukry31 gBłonnik3.5 gBiałko16 gSól0.29 gWitaminy i składniki mineralnew 100  g% RWS w 100  gBiotyna23 µg0%Jod86 µg49%Sód117 mg0%Tiamina (B1)1.1 mg88%Wapń499 mg50%Witamina A419 µg42%Witamina B60.61 mg34%Witamina C43 mg68%Witamina D7.4 µg30%Witamina E8.2 mg0%Żelazo7.4 mg50%"}, {"header": "Przechowywanie i sposób przygotowania", "content": "Sposób podania:Sposób przygotowania: Zawsze przestrzegaj instrukcji właściwego przygotowania. Zanim przystąpisz do sporządzania posiłku dla dziecka, umyj dokładnie ręce i upewnij się, czy naczynia, których będziesz używać są czyste. Krok 1. Zagotuj wodę i odmierz 160 ml, wlej do miseczki i ostudź do temperatury ok. 50 °C. Krok 2. Wsyp powoli 40 g kaszki (5 łyżek stołowych). Krok 3. Mieszaj do uzyskania jednolitej konsystencji. Odczekaj chwilę aż kaszka zgęstnieje. Krok 4. Sprawdź temperaturę posiłku. Gotową kaszkę podaj dziecku lub pozwól spróbować samodzielnego jedzenia łyżeczką.  Nie podawaj ponownie resztek posiłku.  4+ Najlepiej podać 1 porcję dziennie 6+ 1-2 orientacyjna dzienna liczba porcji w zależności od wieku dziecka i rekomendacji lekarza  Dla zdrowia dziecka istotna jest urozmaicona i zbilansowana dieta oraz zdrowy tryb życia. Komponując jadłospis kieruj się zasadami żywienia i rekomendacją lekarza. Pamiętaj o higienie ząbków swojego dziecka."}, {"header": "Pozostałe informacje", "content": "Producent:Nutricia Polska Sp. z o.o.\nul. Bobrowiecka 8,\n00-728 WarszawaDystrybutor:Jeronimo Martins Polska S.A.Żniwna 5 62-025 Kostrzyn PLImporter:Jeronimo Martins Polska S.A.Żniwna 5 62-025 Kostrzyn PLNazwa wymagana prawnie:BoboVita Porcja zbóż Kaszka mleczna manna brzoskwinia-banan po 4 miesiącu 210 g"}], "images": ["data/images/313c188508d39a95f4730ae36c734a40.jpg"], "absolute_path": "Dla dzieci/Jedzenie dla dzieci/Kaszki/Produkt 2"}
{"name": "Produkt 3", "url": "https://zakupy.biedronka.pl/kubus-kubus-mus-100-jablko-banan-100-g-0000007166.html", "title": "Kubuś Mus 100 % jabłko banan 100 g", "brand": "Kubuś", "price": "2.49 PLN", "packaging_details": "0.1kg- 24,90 zł / kg", "description_sections": [{"header": "Opis produktu", "content": "To smaczna pożywna i naturalna przekąska w formie musu z jabłek i bananów bez dodatku cukru. Jest źródłem cennego błonnika, który reguluje pracę jelit oraz witaminy C. Kubuś Mus to idealny produkt dla dzieci na drugie śniadanie w wygodnym, lekkim i bezpiecznym opakowaniu. Dzięki temu jest doskonałą propozycją do śniadaniówki, plecaka, na spacer czy na szkolną wycieczkę!"}, {"header": "Składniki i alergeny", "content": "Składniki:przeciery z: jabłek (94%) i bananów (6%)Inne informacje o zawartości produktu:Zawiera surowce GMO:Nie, \n\nOsłonka niejadalna:Nie, \n\nInformacje szczegółowe dotyczące środków słodzących:Nie, \n\nZawiera lukrecję:Nie, \n\nZawiera chininę:Nie, \n\nZawiera taurynę:Nie, \n\nZawiera przeciwutleniacze:Nie, \n\nZawiera wzmacniacze smaku:Nie, \n\nZawiera fosforany:Nie, \n\nZawiera siarczyny:Nie, \n\nZawiera barwniki:Nie, \n\nZawiera substancje konserwujące:Nie, \n\nZawiera kofeinę:Nie, \n\nŚrodki spozywcze z dodatkiem fitosteroli, estrów fitosteroli, fitostanoli lub estrów fitostanoli:Nie"}, {"header": "Wartość odżywcza", "content": "W 100 gWartość energetyczna kcal53 kcalZawartość tłuszczów (ogólnie)0.5 gKwasy tłuszczowe nasycone0.1 gZawartość węglowodanów11 gCukry10 gZawartość błonnika1.5 gZawartość białek0.5 gZawartość soli0.01 g"}, {"header": "Pozostałe informacje", "content": "Kraj pochodzenia:PolskaKraj pochodzenia zależy od konkretnej partii produktu jaka znajduje się w sklepie. Informację o kraju pochodzenia znajdziesz na opakowaniu. Możesz również dodać komentarz z preferowanym typem produktu w koszyku lub wiadomości dla shoppera (np. “prosze o pomidory polskie”).Producent:MWS Sp. z o.o.\nul. Strefowa 13,\n43-100 TychyDystrybutor:MWS Sp. z o.o.Strefowa 13 43-100 Tychymaspex@maspex.comNazwa wymagana prawnie:Mus jabłkowo-bananowy. Pasteryzowany. Bez dodatku cukru. Zawiera naturalnie występujące cukry. Źródło błonnika."}], "images": ["data/images/346480acd3e88284f9f40b20d27db752.jpg"], "absolute_path": "Dla dzieci/Jedzenie dla dzieci/Desery i przekąski/Produkt 3"}
{"name": "Produkt 2", "url": "https://zakupy.biedronka.pl/gerber-gerber-szarlotka-jablka-z-biszkoptem-i-nutka-waniliowa-po-8.-miesiacu-190-g--0000016535.html", "title": "Gerber Szarlotka jabłka z biszkoptem i nutką waniliową po 8. miesiącu 190 g", "brand": "Gerber", "price": "6.59 PLN", "packaging_details": "0.19kg- 34,68 zł / kg", "description_sections": [{"header": "Opis produktu", "content": "Żywność przeznaczona dla niemowląt i małych dzieci.Zgodnie z przepisami prawa żywność dla dzieci i niemowląt nie zawiera dodanych substancji konserwujących i barwników."}, {"header": "Składniki i alergeny", "content": "Składniki:jabłka (68 %),sok jabłkowy (25,3 %),biszkopt (6 %) (makapszenna,masłozmleka,mlekow proszku odtłuszczone, substancja spulchniająca - węglany amonu, regulator kwasowości - kwas cytrynowy),sok cytrynowy,naturalny aromat waniliowy,witamina CAlergeny:Zawiera Mleko, \n\nMoże zawierać Gorczyca, \n\nZawiera PszenicaInne informacje o zawartości produktu:Barwniki:Nie zawiera, \n\nSmaki / Aromaty:Zawiera, \n\nkonserwanty:Nie zawiera"}, {"header": "Wartość odżywcza", "content": "W 100 gWartość energetyczna68 kcalTłuszcz0.7 gw tym kwasy tłuszczowe nasycone0 gWęglowodany14 gw tym cukry11.5 gBłonnik1.2 gBiałko0.9 gSól0.05 gWitaminy i składniki mineralnew 100  g% RWS w 100  gWitamina C10 mg0%"}, {"header": "Przechowywanie i sposób przygotowania", "content": "Sposób podania:Sposób przygotowania:- Potrzebną porcję przełóż do miseczki.- Podawaj w temperaturze pokojowej.- Przed podaniem wymieszaj i sprawdź temperaturę produktu."}, {"header": "Pozostałe informacje", "content": "Producent:Nestlé Polska S.A.\nul. Domaniewska 32\n02-672 WarszawaDystrybutor:Nestlé Polska S.A.ul. Domaniewska 32 02-672 WarszawaNazwa wymagana prawnie:„Szarlotka\" jabłka z biszkoptem i nutką waniliową. Produkt utrwalony termicznie, pasteryzowany."}], "images": ["data/images/adfc6cdd7c9fabc2adb69ca1ec41e7ad.jpg"], "absolute_path": "Dla dzieci/Jedzenie dla dzieci/Desery i przekąski/Produkt 2"}
{"name": "Produkt 6", "url": "https://zakupy.biedronka.pl/nestl%C3%A9-nestl%C3%A9-yogolino-deserek-mleczno-owocowy-jagoda-4x100-g-0000002334.html", "title": "Nestlé Yogolino Deserek mleczno-owocowy jagoda 4x100 g", "brand": "Nestlé", "price": "12.99 PLN", "packaging_details": "0.4kg- 32,48 zł / kg", "description_sections": [{"header": "Opis produktu", "content": "Warto wiedziećNestlé Yogolino zostało opracowane specjalnie z myślą o najmłodszych. Podawane na podwieczorek, jako przekąska podczas spaceru lub deserek, uzupełnia dietę dziecka w produkty mleczne. Przed otwarciem nie wymaga przechowywania w lodówce, dzięki czemu zawsze ma temperaturę odpowiednią do spożycia.Warto zapamiętaćNestlé Yogolino zawiera wapń potrzebny do rozwoju kości u dzieci.1 kubek = 20 % ZDS* wapniaDla zdrowia dziecka ważna jest urozmaicona i zbilansowana dieta oraz zdrowy tryb życia.Żywność przeznaczona dla niemowląt i małych dzieci.Nie wymaga lodówkiDlaczego Nestlé Yogolino nie wymaga przechowywania w lodówce? To naturalnie proste!Unikalna receptura odpowiedni czas obróbki termicznej + hermetyczne zamknięcie = dłuższy okres przydatności, możliwość przechowywania poza lodówkąZgodnie z przepisami prawa żywność dla dzieci i niemowląt nie zawiera dodanych konserwantów i barwników.Subrand:Yogolino"}, {"header": "Składniki i alergeny", "content": "Składniki:mlekopełne (71,1 %),woda,przetarte jagody (5 %),substancja zagęszczająca: skrobia kukurydziana,cukier,substancja zagęszczająca: pektyna,kultury bakterii (zmleka),aromat (zawieramleko)"}, {"header": "Przechowywanie i sposób przygotowania", "content": "Sposób podania:Produkt gotowy do spożycia."}, {"header": "Pozostałe informacje", "content": "Kraj pochodzenia:NiemcyKraj pochodzenia zależy od konkretnej partii produktu jaka znajduje się w sklepie. Informację o kraju pochodzenia znajdziesz na opakowaniu. Możesz również dodać komentarz z preferowanym typem produktu w koszyku lub wiadomości dla shoppera (np. “prosze o pomidory polskie”).Nazwa wymagana prawnie:Deserek mleczno-owocowy jagoda. Produkt pasteryzowany."}], "images": ["data/images/a78cd7542dc0848cc8b87953100a2472.jpg"], "absolute_path": "Dla dzieci/Jedzenie dla dzieci/Desery i przekąski/Produkt 6"}
{"name": "Produkt 5", "url": "https://zakupy.biedronka.pl/kubus-kubus-mus-100-jablko-arbuz-aronia-100-g-0000007171.html", "title": "Kubuś Mus 100 % jabłko arbuz aronia 100 g", "brand": "Kubuś", "price": "2.49 PLN", "packaging_details": "0.1kg- 24,90 zł / kg", "description_sections": [{"header": "Opis produktu", "content": "To smaczna pożywna i naturalna przekąska w formie musu z jabłek, arbuza i aronii bez dodatku cukru. Kubuś Mus to idealny produkt dla dzieci na drugie śniadanie w wygodnym, lekkim i bezpiecznym opakowaniu. Dzięki temu jest doskonałą propozycją do śniadaniówki, plecaka, na spacer czy na szkolną wycieczkę!"}, {"header": "Składniki i alergeny", "content": "Składniki:przecier z jabłek (86%), soki z zagęszczonych soków z: arbuza (10%), aronii (3,5%) i jabłek (0,5%), aromatInne informacje o zawartości produktu:Zawiera surowce GMO:Nie, \n\nOsłonka niejadalna:Nie, \n\nInformacje szczegółowe dotyczące środków słodzących:Nie, \n\nZawiera lukrecję:Nie, \n\nZawiera chininę:Nie, \n\nZawiera taurynę:Nie, \n\nZawiera przeciwutleniacze:Nie, \n\nZawiera wzmacniacze smaku:Nie, \n\nZawiera fosforany:Nie, \n\nZawiera siarczyny:Nie, \n\nZawiera barwniki:Nie, \n\nZawiera substancje konserwujące:Nie, \n\nZawiera kofeinę:Nie, \n\nŚrodki spozywcze z dodatkiem fitosteroli, estrów fitosteroli, fitostanoli lub estrów fitostanoli:Nie"}, {"header": "Wartość odżywcza", "content": "W 100 gWartość energetyczna kcal54 kcalZawartość tłuszczów (ogólnie)0.5 gKwasy tłuszczowe nasycone0.1 gZawartość węglowodanów11 gCukry11 gZawartość błonnika1.8 gZawartość białek0.5 gZawartość soli0.01 g"}, {"header": "Pozostałe informacje", "content": "Kraj pochodzenia:PolskaKraj pochodzenia zależy od konkretnej partii produktu jaka znajduje się w sklepie. Informację o kraju pochodzenia znajdziesz na opakowaniu. Możesz również dodać komentarz z preferowanym typem produktu w koszyku lub wiadomości dla shoppera (np. “prosze o pomidory polskie”).Producent:MWS Sp. z o.o.\nul. Strefowa 13,\n43-100 TychyDystrybutor:MWS Sp. z o.o.Strefowa 13 43-100 Tychymaspex@maspex.comNazwa wymagana prawnie:Mus wieloowocowy. Pasteryzowany. Bez dodatku cukrów. Zawiera naturalnie występujące cukry. Źródło błonnika"}], "images": ["data/images/f0397c4a18979583bb0e93323d23d136.jpg"], "absolute_path": "Dla dzieci/Jedzenie dla dzieci/Desery i przekąski/Produkt 5"}
{"name": "Produkt 4", "url": "https://zakupy.biedronka.pl/kubus-kubus-mus-100-banan-jablko-100-g-0000007167.html", "title": "Kubuś Mus 100 % banan jabłko 100 g", "brand": "Kubuś", "price": "2.49 PLN", "packaging_details": "0.1kg- 24,90 zł / kg", "description_sections": [{"header": "Opis produktu", "content": "To smaczna pożywna i naturalna przekąska w formie musu z bananów i jabłek bez dodatku cukru. Jest źródłem cennego błonnika, który reguluje pracę jelit oraz witaminy C.Kubuś Mus to idealny produkt dla dzieci na drugie śniadanie w wygodnym, lekkim i bezpiecznym opakowaniu. Dzięki temu jest doskonałą propozycją do śniadaniówki, plecaka, na spacer czy na szkolną wycieczkę!"}, {"header": "Składniki i alergeny", "content": "Składniki:przeciery z: bananów (66%) i jabłek (34%)Inne informacje o zawartości produktu:Zawiera surowce GMO:Nie, \n\nOsłonka niejadalna:Nie, \n\nInformacje szczegółowe dotyczące środków słodzących:Nie, \n\nZawiera lukrecję:Nie, \n\nZawiera chininę:Nie, \n\nZawiera taurynę:Nie, \n\nZawiera przeciwutleniacze:Nie, \n\nZawiera wzmacniacze smaku:Nie, \n\nZawiera fosforany:Nie, \n\nZawiera siarczyny:Nie, \n\nZawiera barwniki:Nie, \n\nZawiera substancje konserwujące:Nie, \n\nZawiera kofeinę:Nie, \n\nŚrodki spozywcze z dodatkiem fitosteroli, estrów fitosteroli, fitostanoli lub estrów fitostanoli:Nie"}, {"header": "Wartość odżywcza", "content": "W 100 gWartość energetyczna kcal82 kcalZawartość tłuszczów (ogólnie)0.5 gKwasy tłuszczowe nasycone0.1 gZawartość węglowodanów18 gCukry16 gZawartość błonnika1.3 gZawartość białek0.8 gZawartość soli0.01 g"}, {"header": "Pozostałe informacje", "content": "Kraj pochodzenia:PolskaKraj pochodzenia zależy od konkretnej partii produktu jaka znajduje się w sklepie. Informację o kraju pochodzenia znajdziesz na opakowaniu. Możesz również dodać komentarz z preferowanym typem produktu w koszyku lub wiadomości dla shoppera (np. “prosze o pomidory polskie”).Producent:MWS Sp. z o.o.\nul. Strefowa 13,\n43-100 TychyDystrybutor:MWS Sp. z o.o.Strefowa 13 43-100 Tychymaspex@maspex.comNazwa wymagana prawnie:Mus bananowo-jabłkowy. Pasteryzowany. Bez dodatku cukrów. Zawiera naturalnie występujące cukry. Źródło błonnika."}], "images": ["data/images/0edf78f22375fee570937360b7d36507.jpg"], "absolute_path": "Dla dzieci/Jedzenie dla dzieci/Desery i przekąski/Produkt 4"}
{"name": "Produkt 7", "url": "https://zakupy.biedronka.pl/hipp-hipp-bio-sport-mus-owocowy-banany-gruszki-pomarancze-mango-z-ryzem-po-1.-roku-120-g-0000008420.html", "title": "HiPP BIO Sport Mus owocowy banany gruszki pomarańcze mango z ryżem po 1. roku 120 g", "brand": "HiPP", "price": "5.19 PLN", "packaging_details": "0.12kg- 43,25 zł / kg", "description_sections": [{"header": "Opis produktu", "content": "Subrand:BIO"}, {"header": "Składniki i alergeny", "content": "Składniki:owoce* 70 % (banany* 38 %, gruszki* 21 %, mango* 11 %),sok pomarańczowy* 26 % z soku zagęszczonego,mąka ryżowa* 4 %,przeciwutleniacz: kwas L-askorbinowy,*z rolnictwa ekologicznego"}, {"header": "Przechowywanie i sposób przygotowania", "content": "Sposób podania:Dla małych i dużych miłośników sportu:Czasami Lew Leon potrzebuje niewielkiej przekąski między posiłkami, by z nową energią odkrywać świat.Mus jest idealny na deser lub między głównymi posiłkami. Podawaj łyżeczką w celu kształtowania odpowiednich nawyków żywieniowych.Podawaj 1 do 2 tubek w ciągu dnia.Przed użyciem upewnij się, że opakowanie nie zostało naruszone.Ważne: częsty kontakt ząbków z musem owocowym może powodować próchnicę. Dlatego mus najlepiej podawaj dziecku łyżeczką i nie dopuszczaj do częstego i długotrwałego ssania tubki. Nie pozwól dziecku bawić się tubką i ssać nakrętki."}, {"header": "Pozostałe informacje", "content": "Kraj pochodzenia:Produkt UEKraj pochodzenia zależy od konkretnej partii produktu jaka znajduje się w sklepie. Informację o kraju pochodzenia znajdziesz na opakowaniu. Możesz również dodać komentarz z preferowanym typem produktu w koszyku lub wiadomości dla shoppera (np. “prosze o pomidory polskie”).Nazwa wymagana prawnie:Banany-Gruszki-Pomarańcze-Mango z ryżem. Mus owocowy z ryżem. Produkt utrwalony termicznie - pasteryzowany."}], "images": ["data/images/775c2294029d42f849c10220f8aad556.jpg"], "absolute_path": "Dla dzieci/Jedzenie dla dzieci/Desery i przekąski/Produkt 7"}
{"name": "Produkt 10", "url": "https://zakupy.biedronka.pl/nestl%C3%A9-nestl%C3%A9-yogolino-deserek-mleczno-owocowy-truskawka-4x100-g-0000002337.html", "title": "Nestlé Yogolino Deserek mleczno-owocowy truskawka 4x100 g", "brand": "Nestlé", "price": "12.99 PLN", "packaging_details": "0.4kg- 32,48 zł / kg", "description_sections": [{"header": "Opis produktu", "content": "Warto wiedziećNestlé Yogolino zostało opracowane specjalnie z myślą o najmłodszych. Podawane na podwieczorek, jako przekąska podczas spaceru lub deserek, uzupełnia dietę dziecka w produkty mleczne. Przed otwarciem nie wymaga przechowywania w lodówce, dzięki czemu zawsze ma temperaturę odpowiednią do spożycia.Warto zapamiętaćNestlé Yogolino zawiera wapń potrzebny do rozwoju kości u dzieci.1 kubek = 20 % ZDS* wapniaDla zdrowia dziecka ważna jest urozmaicona i zbilansowana dieta oraz zdrowy tryb życia.Żywność przeznaczona dla niemowląt i małych dzieci.Nie wymaga lodówkiDlaczego Nestlé Yogolino nie wymaga przechowywania w lodówce? To naturalnie proste!Unikalna receptura odpowiedni czas obróbki termicznej + hermetyczne zamknięcie = dłuższy okres przydatności, możliwość przechowywania poza lodówkąZgodnie z przepisami prawa żywność dla dzieci i niemowląt nie zawiera dodanych konserwantów i barwników."}, {"header": "Składniki i alergeny", "content": "Składniki:mlekopełne (71,1 %),woda,przetarte truskawki (8 %),substancja zagęszczaiaca: skrobia kukurydziana,cukier,substancja zagęszczająca: pektyna,aromat,kultury bakterii (zmleka)"}, {"header": "Przechowywanie i sposób przygotowania", "content": "Sposób podania:Produkt gotowy do spożycia."}, {"header": "Pozostałe informacje", "content": "Nazwa wymagana prawnie:Deserek mleczno-owocowy truskawka. Produkt pasteryzowany."}], "images": ["data/images/73a82e19e5d62bc7a252aa532a454406.jpg"], "absolute_path": "Dla dzieci/Jedzenie dla dzieci/Desery i przekąski/Produkt 10"}
{"name": "Produkt 8", "url": "https://zakupy.biedronka.pl/nestl%C3%A9-nestl%C3%A9-yogolino-deserek-mleczny-o-smaku-waniliowym-4x100-g-0000002335.html", "title": "Nestlé Yogolino Deserek mleczny o smaku waniliowym 4x100 g", "brand": "Nestlé", "price": "12.99 PLN", "packaging_details": "0.4kg- 32,48 zł / kg", "description_sections": [{"header": "Opis produktu", "content": "Warto wiedziećNestlé Yogolino zostało opracowane specjalnie z myślą o najmłodszych. Podawane na podwieczorek, jako przekąska podczas spaceru lub deserek, uzupełnia dietę dziecka w produkty mleczne. Przed otwarciem nie wymaga przechowywania w lodówce, dzięki czemu zawsze ma temperaturę odpowiednią do spożycia.Warto zapamiętaćNestlé Yogolino zawiera wapń potrzebny do rozwoju kości u dzieci.1 kubek = 24 % ZDS* wapniaDla zdrowia dziecka ważna jest urozmaicona i zbilansowana dieta oraz zdrowy tryb życia.Żywność przeznaczona dla niemowląt i małych dzieci.Nie wymaga lodówkiDlaczego Nestlé Yogolino nie wymaga przechowywania w lodówce? To naturalnie proste!Unikalna receptura odpowiedni czas obróbki termicznej + hermetyczne zamknięcie = dłuższy okres przydatności, możliwość przechowywania poza lodówkąZgodnie z przepisami prawa żywność dla dzieci i niemowląt nie zawiera dodanych konserwantów i barwników.Subrand:Yogolino"}, {"header": "Składniki i alergeny", "content": "Składniki:mlekopełne (85 %),woda,substancja zagęszczająca: skrobia kukurydziana,cukier,substancja zagęszczająca: mączka chleba świętojańskiego,regulator kwasowości: wodorotlenek potasu,aromat"}, {"header": "Przechowywanie i sposób przygotowania", "content": "Sposób podania:Produkt gotowy do spożycia."}, {"header": "Pozostałe informacje", "content": "Nazwa wymagana prawnie:Deserek mleczy o smaku waniliowym. Produkt pasteryzowany."}], "images": ["data/images/b201d408fce26def0c993373f5a9770e.jpg"], "absolute_path": "Dla dzieci/Jedzenie dla dzieci/Desery i przekąski/Produkt 8"}
{"name": "Produkt 11", "url": "https://zakupy.biedronka.pl/hipp-hipp-bio-sport-mus-owocowy-gruszki-banany-winogrona-z-owsem-po-1.-roku--120-g-0000008419.html", "title": "HiPP BIO Sport Mus owocowy gruszki banany winogrona z owsem po 1. roku  120 g", "brand": "HiPP", "price": "5.19 PLN", "packaging_details": "0.12kg- 43,25 zł / kg", "description_sections": [{"header": "Opis produktu", "content": "HiPPBIO od pokoleńSPORT Gruszki-Banany-Winogrona z owsemMus owocowy z pełnoziarnistym owsem BIO po 1. rokuDla małych i dużych miłośników sportu:Czasami Lew Leon potrzebuje niewielkiej przekąski między posiłkami, by z nową energią odkrywać świat. Mus jest idealny na deser lub między głównymi posiłkami. Podawaj łyżeczką w celu kształtowania odpowiednich nawyków żywieniowych. Podawaj 1 do 2 tubek w ciągu dnia. Przed użyciem upewnij się, że opakowanie nie zostało naruszone.Produkt z certyfikatem ekologicznym. Znak HiPP BIO to gwarancja jakości wyższej niż wymagana przepisami prawa UE. hipp.pl\\bio-od-pokolen"}, {"header": "Składniki i alergeny", "content": "Składniki:Owoce* 65% (gruszki* 35%, banany* 30%), sok z białych winogron* 22%, sok gruszkowy* z soku zagęszczonego, pełnoziarnista mąkaowsiana* 3,0%, sokcytrynowy* z soku zagęszczonego, przeciwutleniacz: kwas L-askorbinowy.*z rolnictwa ekologicznegoAlergeny:Zboża zawierajace gluten, \n\nOwies i produkty owsianeInne informacje o zawartości produktu:Zawiera surowce GMO:Nie"}, {"header": "Wartość odżywcza", "content": "W 100 gWartość energetyczna kcal76 kcalZawartość tłuszczów (ogólnie)0.4 gKwasy tłuszczowe nasycone0 gZawartość węglowodanów16.3 gCukry12.6 gZawartość błonnika1.8 gZawartość białek1 gZawartość soli0.05 g"}, {"header": "Przechowywanie i sposób przygotowania", "content": "Sposób przygotowania:Zalecamy podawanie musu łyżeczką."}, {"header": "Pozostałe informacje", "content": "Kraj pochodzenia:Unia EuropejskaKraj pochodzenia zależy od konkretnej partii produktu jaka znajduje się w sklepie. Informację o kraju pochodzenia znajdziesz na opakowaniu. Możesz również dodać komentarz z preferowanym typem produktu w koszyku lub wiadomości dla shoppera (np. “prosze o pomidory polskie”).Producent:HiPPGiełdowa 1 01-211 Warszawa PLhipp@hipp.plDystrybutor:Jeronimo Martins Polska S.A.Żniwna 5 62-025 Kostrzyn PLImporter:HiPP Polska Sp. z o.o.Giełdowa 1 01-211 Warszawa PLhipp@hipp.plNazwa wymagana prawnie:Mus owocowy z pełnoziarnistym owsem HiPP BIO"}], "images": ["data/images/3dbd79139d1dfc73c33cb8076ea3037d.jpg"], "absolute_path": "Dla dzieci/Jedzenie dla dzieci/Desery i przekąski/Produkt 11"}
{"name": "Produkt 9", "url": "https://zakupy.biedronka.pl/hipp-hipp-bio-smoothie-mus-z-owocow-i-sokow-jablka-gruszki-jagody-po-1.-roku-120-ml-0000008418.html", "title": "HiPP BIO Smoothie Mus z owoców i soków jabłka gruszki jagody po 1. roku 120 ml", "brand": "HiPP", "price": "5.19 PLN", "packaging_details": "0.12l- 43,25 zł / kg", "description_sections": [{"header": "Opis produktu", "content": "Subrand:BIO"}, {"header": "Składniki i alergeny", "content": "Składniki:owoce* 80 % (jabłka* 50 %, gruszki* 20 %, jagody* 7 %, czarne porzeczki*),sok jabłkowy* z soku zagęszczonego,sok z czerwonych winogron*,*z rolnictwa ekologicznego"}, {"header": "Przechowywanie i sposób przygotowania", "content": "Sposób podania:Dla małych i dużych miłośników Smoothie:Idealny na deser lub między głównymi posiłkami w połączeniu ze zbożową przekąską. Podawaj 1 do 2 tubek w ciągu dnia. Owoce i warzywa proponuj dziecku również w kawałkach.Przed użyciem upewnij się, że opakowanie nie zostało naruszone.Ważne: częsty kontakt ząbków z musem owocowym może powodować próchnicę. Dlatego mus najlepiej podawaj dziecku łyżeczką i nie dopuszczaj do częstego i długotrwałego ssania tubki. Nie pozwól dziecku bawić się tubką i ssać nakrętki."}, {"header": "Pozostałe informacje", "content": "Kraj pochodzenia:Produkt UEKraj pochodzenia zależy od konkretnej partii produktu jaka znajduje się w sklepie. Informację o kraju pochodzenia znajdziesz na opakowaniu. Możesz również dodać komentarz z preferowanym typem produktu w koszyku lub wiadomości dla shoppera (np. “prosze o pomidory polskie”).Nazwa wymagana prawnie:Jabłka-Gruszki-Jagody. Mus z owoców i soków. Produkt utrwalony termicznie - pasteryzowany."}], "images": ["data/images/f32057fc0639bd2b882b2064a3704e3f.jpg"], "absolute_path": "Dla dzieci/Jedzenie dla dzieci/Desery i przekąski/Produkt 9"}
{"name": "Produkt 1", "url": "https://zakupy.biedronka.pl/hipp-hipp-1-bio-combiotik-mleko-poczatkowe-550-g-0000007339.html", "title": "HiPP 1 BIO COMBIOTIK Mleko początkowe 550 g", "brand": "HiPP", "price": "45.99 PLN", "packaging_details": "0.55kg- 83,62 zł / kg", "description_sections": [{"header": "Opis produktu", "content": "HiPP 1 BIO COMBIOTIK® z unikalnym połączeniem:PRAEBIOTIK®PROBIOTIK® Naturalne kultury bakterii kwasu mlekowego (L. fermentum) pierwotnie pozyskane z mleka matki. Pokarm kobiecy zawiera bardzo różnorodne kultury bakterii - ich rodzaj jest indywidualną cechą każdej kobiety.Zawiera METAFOLIN®DHA: nalezy do kwasów tłuszczowych z grupy Omega-3.Zawiera DHA (zgodnie z wymogiem prawnym dotyczacym wszystkich preparatów do poczatkowego zywienia niemowlat).Wyłacznie laktoza – jedyny rodzaj weglowodanów w składzie. Mleko moze byc podawane w takiej ilosci i tak czesto, jak domaga sie tego dziecko, podobnie jak w przypadku karmienia piersia.Inspirowane natura, opracowane naukowoW harmonii z natura – od 30 lat najlepsze składniki ekologiczne w naszej wyjatkowej jakosci HiPP BIO.Produkt z certyfikatem ekologicznym.Znak HiPP BIO to gwarancja najwyższej jakości ekologicznej – jeszcze wyższej niż wymagana przepisami prawa."}, {"header": "Składniki i alergeny", "content": "Składniki:Odtłuszczonemleko*, serwatka* zmlekaczęściowo odmineralizowana w proszku, oleje roślinne* (palmowy❤, rzepakowy*, słonecznikowy*),laktoza*, galaktooligosacharydy* zlaktozy*, olej rybi¹, chlorek potasu, olej z M. alpina, cholina, cytrynian sodu, L-fenyloalanina, sole wapniowe kwasu ortofosforowego, selenian sodu (IV), siarczan cynku, węglan wapnia, siarczan magnezu, L-tryptofan, L-histydyna, siarczan żelaza (II), jodan potasu, stabilizator – kwas mlekowy, witamina C, naturalne kultury bakterii kwasu mlekowego (Limosilactobacillus fermentum hereditum®2), witamina E, niacyna, kwas pantotenowy, siarczan manganu, siarczan miedzi (II), witamina A, witamina B1, witamina B6, Metafolin® (L-metylofolian wapnia), witamina K, witamina D, biotyna, witamina B12. *z rolnictwa ekologicznego ¹ zawiera DHA (zgodnie z wymogiem prawnym dotyczacym wszystkich preparatów do poczatkowego zywienia niemowlat) ² Limosilactobacillus fermentum CECT5716 ❤olej palmowy ze zrównoważonych upraw ekologicznych, certyfikowanych przez niezależne jednostki kontrolne Metafolin® jest zarejestrowanym znakiem towarowym firmy Merck KGaA, Darmstadt, NiemcyAlergeny:Mleko i produkty pochodne (łącznie z laktozą), \n\nRyby i produkty pochodne"}, {"header": "Pozostałe informacje", "content": "Kraj pochodzenia:NiemcyKraj pochodzenia zależy od konkretnej partii produktu jaka znajduje się w sklepie. Informację o kraju pochodzenia znajdziesz na opakowaniu. Możesz również dodać komentarz z preferowanym typem produktu w koszyku lub wiadomości dla shoppera (np. “prosze o pomidory polskie”).Nazwa wymagana prawnie:Mleko początkowe HIPP 1 BIO COMBIOTIK"}], "images": ["data/images/2b7b453091adaf028abafaa13959d51d.jpg"], "absolute_path": "Dla dzieci/Jedzenie dla dzieci/Mleko dla niemowląt/Produkt 1"}
{"name": "Produkt 14", "url": "https://zakupy.biedronka.pl/vital-fresh-vital-fresh-mus-owocowy-100-jablko-banan-morela-100-g-0000005654.html", "title": "Vital Fresh Mus owocowy 100 % jabłko-banan-morela 100 g", "brand": "Vital Fresh", "price": "2.39 PLN", "packaging_details": "0.1kg- 23,90 zł / kg", "description_sections": [{"header": "Opis produktu", "content": "Idealny jako deser, owocowa przekąska między posiłkami lub dodatek do kaszki. Zadbaj o zrównoważoną dietę oraz zdrowy tryb życia swojego dziecka."}, {"header": "Składniki i alergeny", "content": "Składniki:przecier jabłkowy (40%), przecier bananowy (35%), przecier morelowy (20%), sok jabłkowy (5%) z zagęszczonego soku jabłkowego, witamina C"}, {"header": "Pozostałe informacje", "content": "Nazwa wymagana prawnie:Przecier jabłko banan morela częściowo z soku zagęszczonego. Produkt pasteryzowany."}], "images": ["data/images/a62979ee15d461e430e9d3dc400cd7d4.jpg", "data/images/ca276d89881b65ce53d4de5a34c1f7df.jpg"], "absolute_path": "Dla dzieci/Jedzenie dla dzieci/Desery i przekąski/Produkt 14"}
{"name": "Produkt 15", "url": "https://zakupy.biedronka.pl/vital-fresh-vital-fresh-mus-owocowy-100-jablko-banan-truskawka-100-g-0000005656.html", "title": "Vital Fresh Mus owocowy 100 % jabłko-banan-truskawka 100 g", "brand": "Vital Fresh", "price": "2.39 PLN", "packaging_details": "0.1kg- 23,90 zł / kg", "description_sections": [{"header": "Opis produktu", "content": "Idealny jako deser, owocowa przekąska między posiłkami lub dodatek do kaszki. Zadbaj o zrównoważoną dietę oraz zdrowy tryb życia swojego dziecka."}, {"header": "Składniki i alergeny", "content": "Składniki:przecier jabłkowy (40%), przecier bananowy (40%), przecier truskawkowy (15%), sok jabłkowy (5%) z zagęszczonego soku jabłkowego, witamina C"}, {"header": "Pozostałe informacje", "content": "Nazwa wymagana prawnie:Przecier jabłko-banan-truskawka częściowo z soku zagęszczonego"}], "images": ["data/images/aec11d2db6ec0f73b142475ef7230e6c.jpg", "data/images/3cdd0e16c6b8bd829175cd0152450861.jpg"], "absolute_path": "Dla dzieci/Jedzenie dla dzieci/Desery i przekąski/Produkt 15"}
{"name": "Produkt 13", "url": "https://zakupy.biedronka.pl/nestl%C3%A9-nestl%C3%A9-yogolino-deserek-mleczno-owocowy-malina-4x100-g-0000002338.html", "title": "Nestlé Yogolino Deserek mleczno-owocowy malina 4x100 g", "brand": "Nestlé", "price": "12.99 PLN", "packaging_details": "0.4kg- 32,48 zł / kg", "description_sections": [{"header": "Opis produktu", "content": "Warto wiedziećNestlé Yogolino zostało opracowane specjalnie z myślą o najmłodszych. Podawane na podwieczorek, jako przekąska podczas spaceru lub deserek, uzupełnia dietę dziecka w produkty mleczne. Przed otwarciem nie wymaga przechowywania w lodówce, dzięki czemu zawsze ma temperaturę odpowiednią do spożycia.Warto zapamiętaćNestlé Yogolino zawiera wapń potrzebny do rozwoju kości u dzieci.1 kubek = 20 % ZDS* wapniaDla zdrowia dziecka ważna jest urozmaicona i zbilansowana dieta oraz zdrowy tryb życia.Żywność przeznaczona dla niemowląt i małych dzieci.Nie wymaga lodówkiDlaczego Nestlé Yogolino nie wymaga przechowywania w lodówce? To naturalnie proste!Unikalna receptura odpowiedni czas obróbki termicznej + hermetyczne zamknięcie = dłuższy okres przydatności, możliwość przechowywania poza lodówkąZgodnie z przepisami prawa żywność dla dzieci i niemowląt nie zawiera dodanych konserwantów i barwników.Subrand:Yogolino"}, {"header": "Składniki i alergeny", "content": "Składniki:mlekopełne (71,1 %),woda,przetarte maliny (5 %),substancja zagęszczająca: skrobia kukurydziana,cukier,pektyna,kultury bakterii (zmleka),aromat naturalny"}, {"header": "Przechowywanie i sposób przygotowania", "content": "Sposób podania:Produkt gotowy do spożycia."}, {"header": "Pozostałe informacje", "content": "Nazwa wymagana prawnie:Deserek mleczno-owocowy malina. Produkt pasteryzowany."}], "images": ["data/images/262c9348e85e6c694098ab9341377c0d.jpg"], "absolute_path": "Dla dzieci/Jedzenie dla dzieci/Desery i przekąski/Produkt 13"}
{"name": "Produkt 12", "url": "https://zakupy.biedronka.pl/hipp-hipp-bio-smoothie-mus-z-owocow-i-sokow-jablka-banany-truskawki-porzeczki-po-1.-roku-120-ml-0000008417.html", "title": "HiPP BIO Smoothie Mus z owoców i soków jabłka banany truskawki porzeczki po 1. roku 120 ml", "brand": "HiPP", "price": "5.19 PLN", "packaging_details": "0.12l- 43,25 zł / kg", "description_sections": [{"header": "Opis produktu", "content": "Subrand:BIO"}, {"header": "Składniki i alergeny", "content": "Składniki:owoce* 80 % (jabłka* 45 %, banany* 22 %, truskawki* 10 %, czarne porzeczki* 3,0 %),sok jabłkowy* z soku zagęszczonego,sok z czerwonych winogron*,*z rolnictwa ekologicznego"}, {"header": "Przechowywanie i sposób przygotowania", "content": "Sposób podania:Dla małych i dużych miłośników Smoothie:Idealny na deser lub między głównymi posiłkami w połączeniu ze zbożową przekąską. Podawaj 1 do 2 tubek w ciągu dnia. Owoce i warzywa proponuj dziecku również w kawałkach.Przed użyciem upewnij się, że opakowanie nie zostało naruszone.Ważne: częsty kontakt ząbków z musem owocowym może powodować próchnicę. Dlatego mus najlepiej podawaj dziecku łyżeczką i nie dopuszczaj do częstego i długotrwałego ssania tubki. Nie pozwól dziecku bawić się tubką i ssać nakrętki."}, {"header": "Pozostałe informacje", "content": "Kraj pochodzenia:Produkt UEKraj pochodzenia zależy od konkretnej partii produktu jaka znajduje się w sklepie. Informację o kraju pochodzenia znajdziesz na opakowaniu. Możesz również dodać komentarz z preferowanym typem produktu w koszyku lub wiadomości dla shoppera (np. “prosze o pomidory polskie”).Nazwa wymagana prawnie:Jabłka-Banany-Truskawki-Porzeczki. Mus z owoców i soków. Produkt utrwalony termicznie - pasteryzowany."}], "images": ["data/images/5f0bc82c7a623fe7cf9ddcdb4e946786.jpg"], "absolute_path": "Dla dzieci/Jedzenie dla dzieci/Desery i przekąski/Produkt 12"}
{"name": "Produkt 5", "url": "https://zakupy.biedronka.pl/bebilon-bebilon-advance-pronutra-2-mleko-nastepne-po-6.-miesiacu-2x500-g-1000-g--0000004031.html", "title": "Bebilon Advance Pronutra 2 Mleko następne po 6. miesiącu (2x500 g) 1000 g", "brand": "Bebilon", "price": "89.99 PLN", "packaging_details": "1kg- 89,99 zł / kg", "description_sections": [{"header": "Opis produktu", "content": "Przyjście na świat Twojego dziecka to wyjątkowy moment. Bycie rodzicem to wspaniała, choć bez wątpienia też wymagająca rola. To czas pełen nowych doświadczeń, dlatego jesteśmy tu, by wspierać Cię, kiedy będziesz tego potrzebować. Mleko matki to nasza inspiracja, dlatego naszym nieustannym celem jest zgłębianie jego tajemnic i odkrywanie, w jaki sposób wspiera odporność i prawidłowy rozwój dziecka."}, {"header": "Składniki i alergeny", "content": "Składniki:laktozazmleka, odtłuszczonemlekow proszku, odmineralizowana serwatka w proszku zmleka, galaktooligosacharydy GOS zmleka(8,6%), wysokooleinowy olej słonecznikowy, olej kokosowy, olej rzepakowy, olej słonecznikowy, koncentrat serwatki zmleka, fruktooligosacharydy FOS (0,6%), wapń, olej rybi, białkamleka, potas, magnez, chlorek choliny, olej z Mortierella alpina, sód, emulgator (lecytyny zsoi), witamina C, inozytol, L-tryptofan, żelazo, cynk, L-karnityna, witamina E, przeciwutleniacz (palmitynian askorbylu), kwas pantotenowy, niacyna, miedź, tiamina, witamina A, ryboflawina, witamina B6, kwas foliowy, jod, mangan, selen, witamina K, witamina D, biotyna, witamina B12Alergeny:Mleko i produkty pochodne (łącznie z laktozą), \n\nSoja i produkty pochodne, \n\nRyby i produkty pochodneInne informacje o zawartości produktu:Zawiera surowce GMO:Nie, \n\nZawiera przeciwutleniacze:Tak, \n\nZawiera olej palmowy:Nie"}, {"header": "Wartość odżywcza", "content": "W 100 mlWartość energetyczna kcal68 kcalZawartość tłuszczów (ogólnie)3.2 gKwasy tłuszczowe nasycone1 gKwasy tłuszczowe jednonienasycone1.6 gKwasy tłuszczowe wielonienasycone0.5 gZawartość węglowodanów8.2 gCukry8.1 gZawartość błonnika0.6 gZawartość białek1.4 gZawartość soli0 gWitaminy i składniki mineralnew 100 ml% RWS w 100 mlBiotyna (witamina B7)1.8 μg0%Chlor54 mg0%Cynk0.5 mg0%Fluor00%Fosfor50 mg0%Jod13 μg0%Kwas foliowy (witamina B9)8.2 μg0%Kwas pantotenowy0.5 mg0%Magnez6.8 mg0%Mangan0.01 mg0%Miedź0.05 mg0%Niacyna (witamina B3, PP)0.46 mg0%Pirydoksyna (witamina B6)0.06 mg0%Potas84 mg0%Ryboflawina (witamina B2)0.14 mg0%Selen3.1 μg0%Sód23.6 mg0%Tiamina (witamina B1)0.1 mg0%Wapń73 mg0%Witamina A59 μg0%Witamina B120.18 μg0%Witamina C9.3 mg0%Witamina D1.7 μg0%Witamina E1.5 mg0%Witamina K5.8 μg0%Żelazo1 mg0%"}, {"header": "Przechowywanie i sposób przygotowania", "content": "Sposób przygotowania:Umyj ręce. Butelkę i smoczek wygotuj w wodzie przez 10 min.Świeżą wodę pitną gotuj przez 5 min, po czym pozostaw do schłodzenia (do ok. 40°C). Do wygotowanej butelki wlej odpowiednią ilość wody (wg tabeli żywienia).Używając wyłącznie załączonej, umytej i wysuszonej miarki, odmierz dokładną liczbę płaskich, nieubitych porcji proszku i dodaj je do przygotowanej butelki. Przestrzegaj wartości podanych w tabeli żywienia.Zamknij butelkę i energicznie potrząsaj pionowo przez 10 s do całkowitego rozpuszczenia proszku.Załóż na butelkę wygotowany smoczek. Sprawdź temperaturę mleka wewnętrzną stroną przegubu dłoni. Butelkę i smoczek umyj od razu po użyciu."}, {"header": "Pozostałe informacje", "content": "Kraj pochodzenia:PolskaKraj pochodzenia zależy od konkretnej partii produktu jaka znajduje się w sklepie. Informację o kraju pochodzenia znajdziesz na opakowaniu. Możesz również dodać komentarz z preferowanym typem produktu w koszyku lub wiadomości dla shoppera (np. “prosze o pomidory polskie”).Producent:Nutricia Polska Sp. z o.o.,\nul. Bobrowiecka 8,\n00-728 WarszawaDystrybutor:NutriciaBobrowiecka 8 00-728 WarszawaNazwa wymagana prawnie:Mleko następne po 6. miesiącu"}], "images": ["data/images/45fdb1dbba20010cf77762b2f8d90ac8.jpg"], "absolute_path": "Dla dzieci/Jedzenie dla dzieci/Mleko dla niemowląt/Produkt 5"}
{"name": "Produkt 4", "url": "https://zakupy.biedronka.pl/nan-nan-optipro-plus-5-produkt-na-bazie-mleka-dla-malych-dzieci-800-g-0000009360.html", "title": "Nan OPTIpro Plus 5 Produkt na bazie mleka dla małych dzieci 800 g", "brand": "Nan", "price": "75.89 PLN", "packaging_details": "0.8kg- 94,86 zł / kg", "description_sections": [{"header": "Opis produktu", "content": "Przedszkolak ma zupełnie inne zapotrzebowanie na składniki odżywcze niż dorosły człowiek, więc jego jadłospis powinien uwzględniać wyjątkowe potrzeby małego organizmu.NAN OPTIPRO Plus 5 powstaje na bazie mleka krowiego, jednak jego skład został zmieniony w taki sposób, by ułatwić Ci prawidłowe skomponowanie diety Twojego dziecka. Każda porcja zawiera m.in. żelazo, które przyczynia się do prawidłowego rozwoju funkcji poznawczych oraz wapń i witaminę D, wspomagające rozwój kości.Immunoskładniki - cynk, żelazo, wit. D ważne dla prawidłowego funkcjonowania układu odpornościowego dzieckaL.Reuteri - kultury bakterii takie jak w mleku mamyOPTIPRO - zaawansowana technologia białkaOleje roślinne - rzepakowy i słonecznikowyNie zawiera oleju palmowegoNAN OPTIPRO Plus 5 Produkt na bazie mleka, przeznaczony dla małych dzieci, wzbogacony w witaminy i składniki mineralne, w proszku,.NAN OPTIPRO Plus 5 stanowi tylko część zróżnicowanej diety.Subrand:OPTIPRO"}, {"header": "Składniki i alergeny", "content": "Składniki:mlekopełne (48 %),mlekoodtłuszczone (25 %),laktoza(zmleka),maltodekstryna,oleje roślinne (olej rzepakowy, olej słonecznikowy),permeat serwatkowy (zmleka),cytrynian wapnia,regulator kwasowości (fosforany potasu),emulgator [lecytyny (zsoi)],węglan wapnia,witaminy (C, B2, B1, A, biotyna, D, B12),siarczan żelaza (II),kultury bakterii Limosilactobacillus reuteri**,siarczan cynku,przeciwutleniacze (mieszanina tokoferoli, palmitynian L-askorbylu),jodek potasu,**zgodnie z licencją BioGaia ABAlergeny:Zawiera Mleko, \n\nZawiera Soja"}, {"header": "Wartość odżywcza", "content": "W 100 gWartość energetyczna484 kcalTłuszcz21.5 gw tym kwasy tłuszczowe nasycone4.5 gw tym kwasy tłuszczowe jednonienasycone10 gw tym kwasy tłuszczowe wielonienasycone4.7 gWęglowodany65.2 gw tym cukry47.4 gBiałko7.3 gSól0.24 gWitaminy i składniki mineralnew 100  g% RWS w 100  gBiotyna35 µg0%Cynk5.4 mg0%Jod135 µg0%Ryboflawina (B2)1.8 mg0%Tiamina (B1)0.6 mg0%Wapń916 mg0%Witamina A433 µg0%Witamina B122.9 µg0%Witamina C110 mg0%Witamina D18.6 µg0%Żelazo8.7 mg0%"}, {"header": "Przechowywanie i sposób przygotowania", "content": "Sposób podania:Sposób przygotowania1. Umyj starannie ręce.2. Umyj dokładnie kubek, żeby usunąć pozostałości posiłku. Zanurz go całkowicie w naczyniu z wodą i doprowadź do wrzenia. Ściągnij naczynie z płyty grzewczej. Kubek pozostaw pod przykryciem do chwili użycia.3. Zagotuj wodę pitną, pozostaw do ostygnięcia.4. Kieruj się tabelą karmienia. Najpierw wlej wodę do wygotowanego kubka. Następnie dodaj proszek posługując się wyłącznie załączoną miarką, ostrożnie usuwając nadmiar proszku.5. Upewnij się, że miarka jest sucha. Szczelnie zamknij torebkę po każdym użyciu. Przechowuj w chłodnym i suchym miejscu.6. Wymieszaj aż do całkowitego rozpuszczenia się proszku. Sprawdź temperaturę posiłku przed karmieniem dziecka.Tabela karmieniaWiek dziecka Po 2,5 rokuIlość na porcjęPrzegotowana woda w ml* 210Płaskie miarki** proszku 7Dzienna liczba karmieńNAN OPTIPRO 5 2Inne 3***Opakowanie pozwala na przygotowanie około 25 porcji produktu, zgodnie z tabelą karmienia.Uwaga! Podana wielkość porcji jest średnią, jaką zjada dziecko w danym wieku zależnie od indywidualnych potrzeb. Różnice mogą dotyczyć również liczby posiłków. Zawsze konsultuj ilość posiłków z lekarzem prowadzącym.* Aby utrzymać odpowiednią ilość żywych kultur bakterii, przegotowana woda powinna być ostudzona do temperatury zbliżonej do temperatury ciała (ok. 37°C) przed dodaniem proszku.** Pamiętaj: używaj tylko załączonej miarki. Użycie większej lub mniejszej ilości proszku niż wskazana może prowadzić do odwodnienia organizmu lub do niedożywienia dziecka. Nie zmieniaj proporcji wody i proszku bez porozumienia z lekarzem.*** NAN OPTIPRO Plus 5 to tylko jeden z elementów zdrowej diety dziecka po 2,5 roku.Decyzję o wprowadzeniu nowych produktów zawsze konsultuj z lekarzem. Dla zdrowia dziecka ważna jest urozmaicona i zbilansowana dieta oraz zdrowy tryb życia.Ważna informacja: NAN OPTIPRO Plus 5 produkt na bazie mleka, przeznaczony dla małych dzieci, wzbogacony w witaminy i składniki mineralne, w proszku, nie jest substytutem mleka matki, ale produktem specjalnie stworzonym z myślą o malcach po 2,5 roku życia. Karmienie piersią powinno być kontynuowane tak długo, jak to możliwe."}, {"header": "Pozostałe informacje", "content": "Producent:Nestlé Polska S.A.,\nul. Domaniewska 32,\n02-672 WarszawaDystrybutor:Nestlé Polska S.A.ul. Domaniewska 32 02-672  WarszawaNazwa wymagana prawnie:Produkt na bazie mleka, przeznaczony dla małych dzieci, wzbogacony w witaminy i składniki mineralne, w proszku."}], "images": ["data/images/65f8ddb294d3b1196165ec385d71f66a.jpg"], "absolute_path": "Dla dzieci/Jedzenie dla dzieci/Mleko dla niemowląt/Produkt 4"}
{"name": "Produkt 6", "url": "https://zakupy.biedronka.pl/bebiko-bebiko-2r-nutriflor-expert-mleko-nastepne-z-kleikiem-ryzowym-dla-niemowlat-powyzej-6.-miesiaca-zycia-600-g-0000805797.html", "title": "Bebiko 2R NUTRIflor Expert Mleko następne z kleikiem ryżowym dla niemowląt powyżej 6. miesiąca życia 600 g", "brand": "Bebiko", "price": "41.99 PLN", "packaging_details": "0.6kg- 69,98 zł / kg", "description_sections": [{"header": "Opis produktu", "content": "Formuła Bebiko 2R NUTRIflor Expert.Wysoka jakość składników.Kompletna kompozycja składników dla wsparcia prawidłowego rozwoju i układu odpornościowego.Unikalna kompozycja błonnika GOS\\FOS.DHA dla wsparcia prawidłowego rozwoju wzroku i mózgu, ALA - mózgu i tkanki nerwowej.Wapń i wit. D niezbędne dla prawidłowego rozwoju kości i zębów.Wit. A, C i D dla prawidłowego funkcjonowania układu odpornościowego.Żelazo i jod wspierające prawidłowy rozwój poznawczy."}, {"header": "Składniki i alergeny", "content": "Składniki:laktozazmleka, odtłuszczonemlekow proszku, wysokooleinowy olej słonecznikowy, skrobia, odmineralizowana serwatka w proszku zmleka, olej kokosowy, olej rzepakowy, kleik ryżowy (4,8%), galaktooligosacharydy zmleka(4,4%), olej słonecznikowy, koncentrat serwatki zmleka, białkamleka, wapń, olej rybi, fruktooligosacharydy (0,3%), potas, sód, chlorek choliny, magnez, emulgator (lecytyny zsoi), witamina C, inozytol, L-tryptofan, żelazo, L-karnityna, cynk, przeciwutleniacz (palmitynian askorbylu), kwas pantotenowy, niacyna, witamina E, miedź, tiamina, witamina A, ryboflawina, witamina B6, jod, kwas foliowy, mangan, selen, witamina K, biotyna, witamina D, witamina B12Alergeny:Mleko i produkty pochodne (łącznie z laktozą), \n\nSoja i produkty pochodne, \n\nRyby i produkty pochodneInne informacje o zawartości produktu:Zawiera surowce GMO:Nie, \n\nZawiera przeciwutleniacze:Tak, \n\nZawiera wzmacniacze smaku:Nie, \n\nZawiera barwniki:Nie, \n\nZawiera substancje konserwujące:Nie, \n\nZawiera olej palmowy:Nie"}, {"header": "Wartość odżywcza", "content": "W 100 mlWartość energetyczna kcal68 kcalZawartość tłuszczów (ogólnie)3.2 gKwasy tłuszczowe nasycone1 gKwasy tłuszczowe jednonienasycone1.6 gKwasy tłuszczowe wielonienasycone0.5 gZawartość węglowodanów8.3 gCukry6.5 gZawartość błonnika0.3 gZawartość białek1.4 gZawartość soli0 gWitaminy i składniki mineralnew 100 ml% RWS w 100 mlBiotyna (witamina B7)1.9 μg0%Chlor52 mg0%Cynk0.52 mg0%Fluor00%Fosfor50 mg0%Jod13 μg0%Kwas foliowy (witamina B9)7.5 μg0%Kwas pantotenowy (witamina B5)0.51 mg0%Magnez6.8 mg0%Mangan0.01 mg0%Miedź0.06 mg0%Niacyna (witamina B3, PP)0.47 mg0%Pirydoksyna (witamina B6)0.06 mg0%Potas72 mg0%Ryboflawina (witamina B2)0.14 mg0%Selen3.1 μg0%Tiamina (witamina B1)0.12 mg0%Wapń69 mg0%Witamina A59 μg0%Witamina B120.19 μg0%Witamina C9.5 mg0%Witamina D1.7 μg0%Witamina E1.3 mg0%Witamina K4.3 μg0%Żelazo1 mg0%"}, {"header": "Pozostałe informacje", "content": "Kraj pochodzenia:PolskaKraj pochodzenia zależy od konkretnej partii produktu jaka znajduje się w sklepie. Informację o kraju pochodzenia znajdziesz na opakowaniu. Możesz również dodać komentarz z preferowanym typem produktu w koszyku lub wiadomości dla shoppera (np. “prosze o pomidory polskie”).Producent:NUTRICIA Polska sp. z o.o.Bobrowiecka 8 00-728 Warszawa PLkontakt@nutricia.com.plDystrybutor:Jeronimo Martins Polska S.A.Żniwna 5 62-025 Kostrzyn PLImporter:NutriciaBobrowiecka 8 00-728 Warszawa PLkontakt@nutricia.com.plNazwa wymagana prawnie:Mleko następne z kleikiem ryżowym dla niemowląt powyżej 6. miesiąca życia"}], "images": ["data/images/49443de3f1cffbfd09208b081beaef17.jpg"], "absolute_path": "Dla dzieci/Jedzenie dla dzieci/Mleko dla niemowląt/Produkt 6"}
{"name": "Produkt 3", "url": "https://zakupy.biedronka.pl/bebiko-bebiko-junior-4-nutriflor-expert-mleko-dla-dzieci-powyzej-2.-roku-zycia-600-g-0000805803.html", "title": "Bebiko Junior 4 NUTRIflor Expert Mleko dla dzieci powyżej 2. roku życia 600 g", "brand": "Bebiko", "price": "41.99 PLN", "packaging_details": "0.6kg- 69,98 zł / kg", "description_sections": [{"header": "Opis produktu", "content": "Formuła Bebiko Junior 4 NUTRIflor Expert.Wysoka jakość składników.Kompletna kompozycja składników dla wsparcia prawidłowego rozwoju i układu odpornościowego, w tym:Unikalna kompozycja błonnika GOS\\FOS.ALA (omega 3) niezbędny do prawidłowego rozwoju mózgu i tkanki nerwowej.Wapń i wit. D niezbędne dla prawidłowego rozwoju kości i zębów.Wit. A, C i D dla prawidłowego funkcjonowania układu odpornościowego.Żelazo i jod wspierające prawidłowy rozwój poznawczy."}, {"header": "Składniki i alergeny", "content": "Składniki:laktozazmleka, odtłuszczonemlekow proszku (27 %), oleje roślinne (sojowy, słonecznikowy, kokosowy, rzepakowy) w zmiennych proporcjach, maltodekstryna, galaktooligosacharydy zmleka(4,5 %), wapń, potas, fruktooligosacharydy (0,3 %), magnez, sód, witamina C, emulgator (lecytyny zsoi), inozytol, żelazo, cynk, kwas pantotenowy, witamina E, przeciwutleniacz (palmitynian L-askorbylu), niacyna, ryboflawina, tiamina, witamina A, witamina B6, jod, kwas foliowy, witamina K, witamina D, biotyna, witamina B12Alergeny:Mleko i produkty pochodne (łącznie z laktozą), \n\nSoja i produkty pochodneInne informacje o zawartości produktu:Zawiera surowce GMO:Nie, \n\nZawiera przeciwutleniacze:Tak, \n\nZawiera wzmacniacze smaku:Nie, \n\nZawiera barwniki:Nie, \n\nZawiera substancje konserwujące:Nie, \n\nZawiera olej palmowy:Nie"}, {"header": "Wartość odżywcza", "content": "W 100 mlWartość energetyczna kcal65 kcalZawartość tłuszczów (ogólnie)2.9 gKwasy tłuszczowe nasycone0.67 gKwasy tłuszczowe jednonienasycone1.22 gKwasy tłuszczowe wielonienasycone0.83 gZawartość węglowodanów8.4 gCukry6.7 gZawartość błonnika0.3 gZawartość białek1.3 gZawartość soli0.06 gWitaminy i składniki mineralnew 100 ml% RWS w 100 mlBiotyna (witamina B7)2.8 μg28%Chlor50 mg10%Cynk0.39 mg8%Fosfor65 mg12%Jod16 μg20%Kwas foliowy (witamina B9)9.5 μg8%Kwas pantotenowy (witamina B5)0.68 mg23%Magnez9.7 mg12%Niacyna (witamina B3, PP)0.25 mg0%Pirydoksyna (witamina B6)0.07 mg9%Potas100 mg10%Ryboflawina (witamina B2)0.24 mg34%Tiamina (witamina B1)0.13 mg26%Wapń120 mg22%Witamina A70 μg18%Witamina B120.17 μg21%Witamina C16 mg36%Witamina D3.25 μg46%Witamina E1.5 mg30%Witamina K5.8 μg48%Żelazo1.3 mg16%"}, {"header": "Pozostałe informacje", "content": "Kraj pochodzenia:PolskaKraj pochodzenia zależy od konkretnej partii produktu jaka znajduje się w sklepie. Informację o kraju pochodzenia znajdziesz na opakowaniu. Możesz również dodać komentarz z preferowanym typem produktu w koszyku lub wiadomości dla shoppera (np. “prosze o pomidory polskie”).Producent:NUTRICIA Polska sp. z o.o.Dystrybutor:Jeronimo Martins Polska S.A.Żniwna 5 62-025 Kostrzyn PLImporter:NutriciaBobrowiecka 8 00-728 Warszawa PLkontakt@nutricia.com.plNazwa wymagana prawnie:Formuła na bazie mleka przeznaczona dla małych dzieci, wzbogacona w witaminy i składniki mineralne, w proszku"}], "images": ["data/images/82fad322cb6b904ffb3a53f6845ed010.jpg"], "absolute_path": "Dla dzieci/Jedzenie dla dzieci/Mleko dla niemowląt/Produkt 3"}
{"name": "Produkt 2", "url": "https://zakupy.biedronka.pl/hipp-hipp-junior-combiotik-3-produkt-na-bazie-mleka-dla-malych-dzieci-po-1.-roku-550-g-0000007337.html", "title": "HiPP Junior Combiotik 3 Produkt na bazie mleka dla małych dzieci po 1. roku 550 g", "brand": "HiPP", "price": "46.99 PLN", "packaging_details": "0.55kg- 85,44 zł / kg", "description_sections": [{"header": "Opis produktu", "content": "HiPP JUNIOR COMBIOTIK® z unikalnym połączeniem:Galaktooligosacharydy (GOS) z ekologicznej laktozy. Laktoza stanowi główneźródło węglowodanów w pokarmie kobiecym. Dlatego GOS również naturalnie występuje w mleku matki.Naturalne kultury bakterii kwasu mlekowego (L. fermentum) pierwotnie pozyskane z mleka matki. Pokarm kobiecy zawiera bardzo różnorodne kultury bakterii- ich rodzaj jest indywidualną cechą każdej kobiety.METAFOLIN®: źródło folianów na wzór mleka mamy*Witamina C: wspiera układ odpornościowy**Witamina D: wspiera prawidłowy rozwój kości i zębów***Wapń: wspiera prawidłowy rozwój kościReceptura dostosowana do potrzeb małego dziecka - zgodnie z najnowszymi zaleceniami.Zarówno na śniadanie z kaszką lub musli, czy w ciągu dnia lub wieczorem przed myciem zębów, mleko HiPP Junior COMBIOTIK® jest łagodne dla brzuszka i dostarcza Twojemu dziecku wszystkich ważnych witamin i składników mineralnych.Dla dzieci w okresie wzrostu: mocne kości i zęby**!Małe dzieci, po ukończeniu wieku niemowlęcego, wciąż mają szczególne potrzeby żywieniowe, ponieważ znajdują się w okresie intensywnego wzrostu. Długość ciała trzyletniego dziecka jest przeciętnie dwukrotnie większa niż w dniu jego narodzin. Już dzisiaj zadbaj o przyszłość swojego dziecka dostarczając mu odpowiednich składników odżywczych. Czy wiesz, że małe dziecko potrzebuje średnio 7 razy więcej witaminy D niż osoba dorosła¹? Witamina D, zwana witaminą słońca, jest bardzo istotna dla prawidłowego rozwoju kości!¹EFSA 2013, dorosli 80 kg, małe dzieci 12 kgInspirowane naturą, opracowane naukowoNajwyższa jakość HiPP - zgodnie z rygorystycznymi standardami jakości HiPP oraz wymaganiami prawnymi, do produkcji mleka dla dzieci HiPP 3 JUNIOR COMBIOTIK® używamy wyłącznie surowo kontrolowanych składników. Szczegółowe kontrole jakości, towarzyszące wszystkim etapom procesu wytwarzania mleka HiPP, mają na celu zagwarantowanie bezpieczeństwa Tobie i Twojemu dziecku."}, {"header": "Składniki i alergeny", "content": "Składniki:Odtłuszczonemleko,laktoza, oleje roślinne (palmowy❤, rzepakowy, słonecznikowy), galaktooligosacharydy zlaktozy, cytrynian potasu, sole wapniowe kwasu ortofosforowego, sole wapniowe kwasu cytrynowego, siarczan magnezu, olej rybi, witamina C, siarczan cynku, siarczan żelaza (II), stabilizator - kwas mlekowy, naturalne kultury bakterii kwasu mlekowego (Limosilactobacillus fermentum hereditum®¹), witamina B2, witamina A, jodan potasu, Metafolin® (L-metylofolianwapnia), biotyna, witamina D, witamina B12. Produkt bezglutenowy ¹ Limosilactobacillus fermentum CECT5716 ❤olej palmowy ze zrównoważonych upraw, certyfikowanych przez niezależne jednostki kontrolne Metafolin® jest zarejestrowanym znakiem towarowym firmy Merck KGaA, Darmstadt, Niemcy"}, {"header": "Pozostałe informacje", "content": "Kraj pochodzenia:NiemcyKraj pochodzenia zależy od konkretnej partii produktu jaka znajduje się w sklepie. Informację o kraju pochodzenia znajdziesz na opakowaniu. Możesz również dodać komentarz z preferowanym typem produktu w koszyku lub wiadomości dla shoppera (np. “prosze o pomidory polskie”).Nazwa wymagana prawnie:HiPP Junior Combiotik 3 Produkt na bazie mleka dla małych dzieci po 1. roku 550 g"}], "images": ["data/images/b565aa9362ff90b29acba5aafd0e4905.jpg"], "absolute_path": "Dla dzieci/Jedzenie dla dzieci/Mleko dla niemowląt/Produkt 2"}
{"name": "Produkt 7", "url": "https://zakupy.biedronka.pl/bebiko-bebiko-2-nutriflor-expert-mleko-nastepne-dla-niemowlat-powyzej-6.-miesiaca-zycia-600-g-0000805795.html", "title": "Bebiko 2 NUTRIflor Expert Mleko następne dla niemowląt powyżej 6. miesiąca życia 600 g", "brand": "Bebiko", "price": "41.99 PLN", "packaging_details": "0.6kg- 69,98 zł / kg", "description_sections": [{"header": "Opis produktu", "content": "Formuła Bebiko 2 NUTRIflor ExpertWysoka jakość składnikówKompletna kompozycja składników dla wsparcia prawidłowego rozwoju i układu odpornościowegoUnikalna kompozycja błonnika GOS\\FOSDHA dla wsparcia prawidłowego rozwoju wzroku i mózgu, ALA - mózgu i tkanki nerwowejWapń i wit. D niezbędne dla prawidłowego rozwoju kości i zębówWit. A, C i D dla prawidłowego funkcjonowania układu odpornościowegoŻelazo i jod wspierające prawidłowy rozwój poznawczy"}, {"header": "Składniki i alergeny", "content": "Składniki:laktozazmleka, odtłuszczonemlekow proszku, wysokooleinowy olej słonecznikowy, odmineralizowana serwatka w proszku zmleka, olej kokosowy, olej rzepakowy, galaktooligosacharydy zmleka(4,4%), olej słonecznikowy, koncentrat serwatki zmleka, białkamleka, wapń, olej rybi, fruktooligosacharydy (0,3%), potas, sód, chlorek choliny, magnez, emulgator (lecytyny zsoi), witamina C, inozytol, L-tryptofan, żelazo, L-karnityna, cynk, przeciwutleniacz (palmitynian askorbylu), kwas pantotenowy, niacyna, witamina E, miedź, tiamina, witamina A, ryboflawina, witamina B6, jod, kwas foliowy, mangan, selen, witamina K, biotyna, witamina D, witamina B12Alergeny:Mleko i produkty pochodne (łącznie z laktozą), \n\nSoja i produkty pochodne, \n\nRyby i produkty pochodneInne informacje o zawartości produktu:Zawiera surowce GMO:Nie, \n\nZawiera przeciwutleniacze:Tak, \n\nZawiera wzmacniacze smaku:Nie, \n\nZawiera barwniki:Nie, \n\nZawiera substancje konserwujące:Nie, \n\nZawiera olej palmowy:Nie"}, {"header": "Wartość odżywcza", "content": "W 100 mlWartość energetyczna kcal68 kcalZawartość tłuszczów (ogólnie)3.2 gKwasy tłuszczowe nasycone1 gKwasy tłuszczowe jednonienasycone1.6 gKwasy tłuszczowe wielonienasycone0.5 gZawartość węglowodanów8.3 gCukry8.2 gZawartość błonnika0.3 gZawartość białek1.4 gZawartość soli0 gWitaminy i składniki mineralnew 100 ml% RWS w 100 mlBiotyna (witamina B7)2 μg0%Chlor52 mg0%Cynk0.5 mg0%Fluor00%Fosfor50 mg0%Jod13 μg0%Kwas foliowy (witamina B9)7.5 μg0%Kwas pantotenowy (witamina B5)0.52 mg0%Magnez6.8 mg0%Mangan0.01 mg0%Miedź0.05 mg0%Niacyna (witamina B3, PP)0.46 mg0%Pirydoksyna (witamina B6)0.05 mg0%Potas72 mg0%Ryboflawina (witamina B2)0.14 mg0%Selen3.1 μg0%Tiamina (witamina B1)0.11 mg0%Wapń69 mg0%Witamina A60 μg0%Witamina B120.19 μg0%Witamina C9.5 mg0%Witamina D1.7 μg0%Witamina E1.3 mg0%Witamina K4.3 μg0%Żelazo1 mg0%"}, {"header": "Pozostałe informacje", "content": "Kraj pochodzenia:PolskaKraj pochodzenia zależy od konkretnej partii produktu jaka znajduje się w sklepie. Informację o kraju pochodzenia znajdziesz na opakowaniu. Możesz również dodać komentarz z preferowanym typem produktu w koszyku lub wiadomości dla shoppera (np. “prosze o pomidory polskie”).Producent:NUTRICIA Polska sp. z o.o.Dystrybutor:Jeronimo Martins Polska S.A.Żniwna 5 62-025 Kostrzyn PLImporter:NutriciaBobrowiecka 8 00-728 Warszawa PLkontakt@nutricia.com.plNazwa wymagana prawnie:Mleko następne dla niemowląt powyżej 6. miesiąca życia"}], "images": ["data/images/4535026a232f651b0eaa1cfc5268e482.jpg"], "absolute_path": "Dla dzieci/Jedzenie dla dzieci/Mleko dla niemowląt/Produkt 7"}
{"name": "Produkt 10", "url": "https://zakupy.biedronka.pl/nan-nan-optipro-plus-2-mleko-nastepne-dla-niemowlat-powyzej-6.-miesiaca-800-g-0000006651.html", "title": "Nan OPTIpro Plus 2 Mleko następne dla niemowląt powyżej 6. miesiąca 800 g", "brand": "Nan", "price": "75.99 PLN", "packaging_details": "0.8kg- 94,99 zł / kg", "description_sections": [{"header": "Opis produktu", "content": "NAN OPTIPRO Plus 2 HMO to mleko następne stworzone specjalnie z myślą o zdrowych niemowlętach powyżej 6. miesiąca życia, które z różnych przyczyn, nie są karmione piersią. NAN OPTIPRO Plus 2 HMO posiada unikalną recepturę, z kompleksem aż pięciu oligosacharydów: 2'-FL, DFL, LNT, 3'-SL, 6'-SL, immunoskładnikami (cynk*, żelazo*, wit. D*) wspierającymi odporność dziecka, oraz DHA*, który wspomaga rozwój wzroku oraz mózgu maluszka.¹Nauka w trosce o przyszłość5 HMO ComplexPrzełomowa kompozycja aż pięciu oligosacharydów: 2'-FL, DFL, LNT, 3'-SL, 6'-SL o strukturze identycznej jak te występujące w mleku mamy**Immunoskładniki^(cynk *, żelazo* i wit. D*) ważne dla prawidłowego funkcjonowania układu odpornościowego dzieckaDHA*Niezbędny nienasycony kwas tłuszczowy z rodziny omega-3*zawartość zgodnie z przepisami prawa¹przy dziennym spożyciu 100 mg DHA w jednej lub większej liczbie porcji^immunoskładniki (cynk*, żelazo* i wit. D) ważne dla prawidłowego funkcjonowania układu odpornościowego dziecka**Składniki nie pochodzą z mleka kobiecegoSubrand:OPTIPRO"}, {"header": "Składniki i alergeny", "content": "Składniki:mlekoodtłuszczone,laktoza(zmleka),oleje roślinne (olej słonecznikowy, olej rzepakowy),odmineralizowana serwatka (zmleka),permeat serwatkowy (zmleka),cytrynian wapnia,fosforan sodu,cytrynian potasu,chlorek potasu,emulgator [lecytyny z (soi)],olej z mikroalg Schizochytrium sp.,regulator kwasowości (kwas cytrynowy),mieszanina 2'-fukozylolaktozy/difukozylolaktozy (2'-FL/DFL) (zawieralaktozę),L-fenyloalanina,witaminy (C, E, niacyna, kwas pantotenowy, B1, A, B2, B6, kwas foliowy, K, D, biotyna, B12),chlorek magnezu,fosforan potasu,lakto-N-tetraoza (LNT) (zawieralaktozę),L-leucyna,L-izoleucyna,sól sodowa 3'-sjalolaktozy (3'-SL) (zawieralaktozę),L-tryptofan,sól sodowa 6'-sjalolaktozy (6'-SL) (zawieralaktozę),L-histydyna,siarczan żelaza (II),siarczan cynku,kultury bakterii Limosilactobacillus reuteri (DSM17938*),siarczan miedzi (II),siarczan manganu,jodek potasu,selenian (VI) sodu,*zgodnie z licencją BioGaia ABAlergeny:Zawiera Mleko, \n\nZawiera Soja"}, {"header": "Wartość odżywcza", "content": "W 100 gWartość energetyczna500 kcalTłuszcz24.2 gw tym kwasy tłuszczowe nasycone2.4 gw tym kwasy tłuszczowe jednonienasycone15.7 gw tym kwasy tłuszczowe wielonienasycone4.4 gWęglowodany61.9 gw tym cukry61.9 gBłonnik0.4 gBiałko8.5 gw tym DHA (kwas dokozaheksaenowy)125 mgWitaminy i składniki mineralnew 100  g% RWS w 100  g2′-fukozylolaktoza (2´-FL)0.2 g0%Biotyna13 µg0%Chlorek360 mg0%Cynk3.6 mg0%Fluorek0.06 mg0%Fosfor300 mg0%Jod105 µg0%Kwas alfa-linolenowy340 mg0%Kwas foliowy90 µg0%Kwas linolowy3800 mg0%Kwas pantotenowy3.2 mg0%Laktoza61.9 g0%Magnez32 mg0%Mangan0.18 mg0%Miedź0.4 mg0%Niacyna (B3)4 mg0%Potas667 mg0%Ryboflawina (B2)1.1 mg0%Selen25 µg0%Sód255 mg0%Tiamina (B1)0.5 mg0%Wapń490 mg0%Witamina A460 µg0%Witamina B121.2 µg0%Witamina B60.3 mg0%Witamina C85 mg0%Witamina D12.5 µg0%Witamina E11.5 mg0%Witamina K39 µg0%Żelazo6.6 mg0%"}, {"header": "Przechowywanie i sposób przygotowania", "content": "Sposób podania:Sposób przygotowania1. Umyj starannie ręce.2. Umyj dokładnie butelkę, smoczek i nakrętkę żeby usunąć pozostałości posiłku. Zanurz butelkę całkowicie w naczyniu z wodą i doprowadź do wrzenia. Ściągnij naczynie z płyty grzewczej. Butelkę pozostaw pod przykryciem do chwili użycia.*3. Zagotuj wodę pitną, pozostaw do ostygnięcia.4. Kieruj się tabelą karmienia. Najpierw wlej wodę do butelki. Następnie dodaj proszek posługując się wyłącznie załączoną miarką, ostrożnie usuwając nadmiar proszku.5. Upewnij się, że miarka jest sucha i odłóż ją z powrotem do puszki. Zamknij puszkę po każdym użyciu. Przechowuj w chłodnym i suchym miejscu.6. Zakręć butelkę i potrząsaj nią aż woda z proszkiem dokładnie się połączą. Sprawdź temperaturę posiłku przed karmieniem dziecka.*jeśli używasz sterylizatora parowego, postępuj zgodnie z instrukcją producentaTabela karmieniaWiek niemowlęcia 7.-8. miesiącIlość na porcjęPrzegotowana woda w ml* 180Płaskie miarki** proszku 6Dzienna liczba karmieńNAN OPTIPRO Plus 2 HMO 3-4^Inne 2-1***Wiek niemowlęcia 9.-12. miesiącIlość na porcjęPrzegotowana woda w ml* 210Płaskie miarki** proszku 7Dzienna liczba karmieńNAN OPTIPRO Plus 2 HMO 2-3^Inne 3-2***Opakowanie pozwala na przygotowanie około 31 porcji produktu o pojemności 200 ml, zgodnie z tabelą karmienia.Uwaga! Podana wielkość porcji jest średnią, jaką zjada dziecko w danym wieku zależnie od indywidualnych potrzeb. Różnice mogą dotyczyć również liczby posiłków. Zawsze konsultuj ilość posiłków z lekarzem prowadzącym.*Aby utrzymać odpowiednią ilość żywych kultur bakterii, przegotowana woda powinna być ostudzona do temperatury zbliżonej do temperatury ciała (ok. 37 °C) przed dodaniem proszku.**Pamiętaj: używaj tylko załączonej miarki. Użycie większej lub mniejszej ilości proszku niż wskazana może prowadzić do odwodnienia organizmu lub do niedożywienia niemowlęcia. Nie zmieniaj proporcji wody i proszku bez porozumienia z lekarzem.***W tym wieku zgodnie że schematem żywienia niemowląt dieta dziecka może być już coraz bardziej urozmaicona. Skonsultuj się z lekarzem przed wprowadzeniem nowych posiłków.^Ilość karmień konieczna, by zapewnić korzystny wpływ DHA na rozwój mózgu dziecka.Dla zdrowia dziecka ważna jest urozmaicona i zbilansowana dieta oraz zdrowy tryb życia.NAN OPTIPRO Plus 2 HMO mleko następne w proszku przeznaczone jedynie dla niemowląt powyżej 6. miesiąca, stanowi tylko jeden z elementów zróżnicowanej diety niemowlęcia. Nie może być stosowane jako produkt zastępujący mleko kobiece w ciągu pierwszych sześciu miesięcy życia.Decyzję o rozpoczęciu żywienia uzupełniającego, zwłaszcza poniżej 6. miesiąca życia, należy podjąć po konsultacji z lekarzem, uwzględniając indywidualne, konkretne potrzeby niemowlęcia w zakresie wzrostu i rozwoju.Ważna informacja: Karmienie piersią jest najlepszym sposobem żywienia niemowląt i powinno być kontynuowane tak długo, jak to możliwe. Zanim zdecydujesz się stosować mleko następne, zasięgnij porady lekarza."}, {"header": "Pozostałe informacje", "content": "Producent:Nestlé Polska S.A.,\nul. Domaniewska 32,\n02-672 WarszawaDystrybutor:Nestlé Polska S.A.ul. Domaniewska 32 02-672 WarszawaNazwa wymagana prawnie:Mleko następne w proszku dla niemowląt powyżej 6. miesiąca."}], "images": ["data/images/f1eeb02dbc716669f88fc439c0e096b9.jpg"], "absolute_path": "Dla dzieci/Jedzenie dla dzieci/Mleko dla niemowląt/Produkt 10"}
{"name": "Produkt 9", "url": "https://zakupy.biedronka.pl/bebiko-bebiko-junior-3-nutriflor-expert-mleko-dla-dzieci-powyzej-1.-roku-zycia-600-g-0000805801.html", "title": "Bebiko Junior 3 NUTRIflor Expert Mleko dla dzieci powyżej 1. roku życia 600 g", "brand": "Bebiko", "price": "41.99 PLN", "packaging_details": "0.6kg- 69,98 zł / kg", "description_sections": [{"header": "Opis produktu", "content": "Formuła Bebiko Junior 3 NUTRIflor Expert.Wysoka jakość składników.Kompletna kompozycja składników dla wsparcia prawidłowego rozwoju i układu odpornościowego, w tym:Unikalna kompozycja błonnika GOS\\FOS.ALA (omega 3) niezbędny do prawidłowego rozwoju mózgu i tkanki nerwowej.Wapń i wit. D niezbędne dla prawidłowego rozwoju kości i zębów.Wit. A, C i D dla prawidłowego funkcjonowania układu odpornościowego.Żelazo i jod wspierające prawidłowy rozwój poznawczy."}, {"header": "Składniki i alergeny", "content": "Składniki:laktozazmleka, odtłuszczonemlekow proszku (27 %), oleje roślinne (sojowy, słonecznikowy, kokosowy, rzepakowy) w zmiennych proporcjach, maltodekstryna, galaktooligosacharydy zmleka(4,5 %), wapń, potas, fruktooligosacharydy (0,3 %), magnez, sód, witamina C, emulgator (lecytyny zsoi), inozytol, żelazo, cynk, kwas pantotenowy, witamina E, przeciwutleniacz (palmitynian L-askorbylu), niacyna, ryboflawina, tiamina, witamina A, witamina B6, jod, kwas foliowy, witamina K, witamina D, biotyna, witamina B12Alergeny:Mleko i produkty pochodne (łącznie z laktozą), \n\nSoja i produkty pochodneInne informacje o zawartości produktu:Zawiera surowce GMO:Nie, \n\nZawiera przeciwutleniacze:Tak, \n\nZawiera wzmacniacze smaku:Nie, \n\nZawiera barwniki:Nie, \n\nZawiera substancje konserwujące:Nie, \n\nZawiera olej palmowy:Nie"}, {"header": "Wartość odżywcza", "content": "W 100 mlWartość energetyczna kcal67 kcalZawartość tłuszczów (ogólnie)2.9 gKwasy tłuszczowe nasycone0.69 gKwasy tłuszczowe jednonienasycone1.26 gKwasy tłuszczowe wielonienasycone0.85 gZawartość węglowodanów8.7 gCukry6.9 gZawartość błonnika0.3 gZawartość białek1.3 gZawartość soli0.06 gWitaminy i składniki mineralnew 100 ml% RWS w 100 mlBiotyna (witamina B7)2.9 μg29%Chlor52 mg10%Cynk0.4 mg8%Fosfor67 mg12%Jod16 μg20%Kwas foliowy (witamina B9)9.8 μg8%Kwas pantotenowy (witamina B5)0.71 mg24%Magnez10 mg13%Niacyna (witamina B3, PP)0.26 mg0%Pirydoksyna (witamina B6)0.07 mg10%Potas103 mg10%Ryboflawina (witamina B2)0.25 mg36%Tiamina (witamina B1)0.13 mg26%Wapń124 mg23%Witamina A73 μg18%Witamina B120.18 μg23%Witamina C17 mg38%Witamina D3.35 μg48%Witamina E1.6 mg32%Witamina K6 μg50%Żelazo1.3 mg16%"}, {"header": "Pozostałe informacje", "content": "Kraj pochodzenia:PolskaKraj pochodzenia zależy od konkretnej partii produktu jaka znajduje się w sklepie. Informację o kraju pochodzenia znajdziesz na opakowaniu. Możesz również dodać komentarz z preferowanym typem produktu w koszyku lub wiadomości dla shoppera (np. “prosze o pomidory polskie”).Producent:NUTRICIA Polska sp. z o.o.Dystrybutor:Jeronimo Martins Polska S.A.Żniwna 5 62-025 Kostrzyn PLImporter:NutriciaBobrowiecka 8 00-728 Warszawa PLkontakt@nutricia.com.plNazwa wymagana prawnie:Formuła na bazie mleka przeznaczona dla małych dzieci, wzbogacona w witaminy i składniki mineralne, w proszku"}], "images": ["data/images/f83b2ad11471fb5a75af794b18c6ba8c.jpg"], "absolute_path": "Dla dzieci/Jedzenie dla dzieci/Mleko dla niemowląt/Produkt 9"}
{"name": "Produkt 11", "url": "https://zakupy.biedronka.pl/bebilon-bebilon-advance-pronutra-3-junior-mleko-dla-dzieci-po-1.-roku-zycia-2x500-g-1000-g--0000003635.html", "title": "Bebilon Advance Pronutra 3 Junior Mleko dla dzieci po 1. roku życia (2x500 g) 1000 g", "brand": "Bebilon", "price": "89.99 PLN", "packaging_details": "1kg- 89,99 zł / kg", "description_sections": [{"header": "Opis produktu", "content": "Okres po 1. roku życia to wyjątkowy czas dla Twojego dziecka. To kolejny, ważny etap w jego rozwoju i czas nabywania wielu nowych umiejętności. Jesteśmy tu, by wspierać Cię, kiedy będziesz tego potrzebować. Od 50 lat nasi naukowcy i eksperci prowadzą pionierskie badania nad żywieniem na wczesnym etapie życia, aby właściwie wspierać układ odpornościowy i rozwój Twojego dziecka."}, {"header": "Składniki i alergeny", "content": "Składniki:laktozazmleka, odtłuszczonemlekow proszku (23%), maltodekstryna, galaktooligosacharydy GOS zmleka(8,6%), produkt serwatkowy (odmineralizowana serwatka, koncentrat serwatki) w proszku zmleka, olej rzepakowy, olej słonecznikowy, wysokooleinowy olej słonecznikowy, olej kokosowy, wapń, fruktooligosacharydy FOS (0,6%), olej rybi, potas, magnez, sód, witamina C, emulgator (lecytyny zsoi), chlorek choliny, żelazo, inozytol, cynk, przeciwutleniacz (palmitynian L-askorbylu), kwas pantotenowy, witamina E, aromatmleczny, niacyna, ryboflawina, witamina A, witamina D, witamina B6, tiamina, jod, kwas foliowy, witamina K, biotyna, witamina B12Alergeny:Mleko i produkty pochodne (łącznie z laktozą), \n\nSoja i produkty pochodne, \n\nRyby i produkty pochodneInne informacje o zawartości produktu:Zawiera surowce GMO:Nie, \n\nZawiera przeciwutleniacze:Tak, \n\nZawiera olej palmowy:Nie"}, {"header": "Wartość odżywcza", "content": "W 100 mlWartość energetyczna kcal67 kcalZawartość tłuszczów (ogólnie)2.8 gKwasy tłuszczowe nasycone0.77 gKwasy tłuszczowe jednonienasycone1.3 gKwasy tłuszczowe wielonienasycone0.7 gZawartość węglowodanów8.8 gCukry6.6 gZawartość błonnika0.6 gZawartość białek1.3 gZawartość soli0.07 gWitaminy i składniki mineralnew% RWS wBiotyna (%RWS)17 %RWS0%Biotyna (witamina B7)1.7 μg0%Chlor53 mg0%Chlor (%RWS)11 %RWS0%Cynk0.4 mg0%Cynk (%RWS)8 %RWS0%Fosfor68 mg0%Fosfor (%RWS)12 %RWS0%Jod16 μg0%Jod (%RWS)20 %RWS0%Kwas foliowy (witamina B9)8 μg0%Kwas pantotenowy (%RWS)21 %RWS0%Kwas pantotenowy (witamina B5)0.63 mg0%Magnez10 mg0%Magnez (%RWS)13 %RWS0%Niacyna (witamina B3, PP)0.25 mg0%Pirydoksyna (witamina B6)0.07 mg0%Potas103 mg0%Potas (%RWS)10 %RWS0%Ryboflawina (%RWS)34 %RWS0%Ryboflawina (witamina B2)0.24 mg0%Tiamina (%RWS)8 %RWS0%Tiamina (witamina B1)0.04 mg0%Wapń124 mg0%Wapń (%RWS)23 %RWS0%Witamina A76 μg0%Witamina A (%RWS)19 %RWS0%Witamina B120.33 μg0%Witamina B12 (%RWS)41 %RWS0%Witamina B6 (%RWS)10 %RWS0%Witamina C15 mg0%Witamina C (%RWS)33 %RWS0%Witamina D3.35 μg0%Witamina D (%RWS)48 %RWS0%Witamina E1.5 mg0%Witamina E (%RWS)30 %RWS0%Witamina K6.8 μg0%Witamina K (%RWS)57 %RWS0%Żelazo1.3 mg0%Żelazo (%RWS)16 %RWS0%"}, {"header": "Przechowywanie i sposób przygotowania", "content": "Sposób przygotowania:Umyj ręce. Butelkę i smoczek wygotuj w wodzie przez 10 min.Świeżą wodę pitną gotuj przez 5 min, po czym pozostaw do schłodzenia (do ok. 40°C). Do wygotowanej butelki wlej odpowiednią ilość wody (wg tabeli żywienia).Używając wyłącznie załączonej, umytej i wysuszonej miarki, odmierz dokładną liczbę płaskich, nieubitych porcji proszku i dodaj je do przygotowanej butelki. Przestrzegaj wartości podanych w tabeli żywienia.Zamknij butelkę i energicznie potrząsaj pionowo przez 10 s do całkowitego rozpuszczenia proszku.Załóż na butelkę wygotowany smoczek. Sprawdź temperaturę mleka wewnętrzną stroną przegubu dłoni. Butelkę i smoczek umyj od razu po użyciu."}, {"header": "Pozostałe informacje", "content": "Kraj pochodzenia:PolskaKraj pochodzenia zależy od konkretnej partii produktu jaka znajduje się w sklepie. Informację o kraju pochodzenia znajdziesz na opakowaniu. Możesz również dodać komentarz z preferowanym typem produktu w koszyku lub wiadomości dla shoppera (np. “prosze o pomidory polskie”).Producent:Nutricia Polska Sp. z o.o.,\nul. Bobrowiecka 8,\n00-728 WarszawaDystrybutor:NutriciaBobrowiecka 8 00-728 WarszawaNazwa wymagana prawnie:Mleko dla dzieci po 1. roku życia"}], "images": ["data/images/24b8d9038512e92244eb20a9ea3dd0c7.jpg"], "absolute_path": "Dla dzieci/Jedzenie dla dzieci/Mleko dla niemowląt/Produkt 11"}
{"name": "Produkt 8", "url": "https://zakupy.biedronka.pl/bebiko-bebiko-junior-4r-nutriflor-expert-mleko-z-kleikiem-ryzowym-dla-dzieci-powyzej-2.-roku-zycia-600-g-0000805815.html", "title": "Bebiko Junior 4R NUTRIflor Expert Mleko z kleikiem ryżowym dla dzieci powyżej 2. roku życia 600 g", "brand": "Bebiko", "price": "41.99 PLN", "packaging_details": "0.6kg- 69,98 zł / kg", "description_sections": [{"header": "Opis produktu", "content": "Formuła Bebiko Junior 4R NUTRIflor Expert.Wysoka jakość składników.Kompletna kompozycja składników dla wsparcia prawidłowego rozwoju i układu odpornościowego, w tym:Unikalna kompozycja błonnika GOS\\FOS.ALA (omega 3) niezbędny do prawidłowego rozwoju mózgu i tkanki nerwowej.Wapń i wit. D niezbędne dla prawidłowego rozwoju kości i zębów.Wit. A, C i D dla prawidłowego funkcjonowania układu odpornościowego.Żelazo i jod wspierające prawidłowy rozwój poznawczy."}, {"header": "Składniki i alergeny", "content": "Składniki:laktozazmleka, odtłuszczonemlekow proszku (25 %), oleje roślinne (sojowy, słonecznikowy, kokosowy, rzepakowy) w zmiennych proporcjach, kleik ryżowy (13 %), galaktooligosacharydy zmleka(4,4 %), wapń, potas, maltodekstryna, fruktooligosacharydy (0,3 %), magnez, sód, witamina C, emulgator (lecytyny zsoi), inozytol, żelazo, cynk, kwas pantotenowy, witamina E, przeciwutleniacz (palmitynian L-askorbylu), ryboflawina, niacyna, tiamina, witamina A, witamina B6, jod, kwas foliowy, witamina K, witamina D, biotyna, witamina B12Alergeny:Mleko i produkty pochodne (łącznie z laktozą), \n\nSoja i produkty pochodneInne informacje o zawartości produktu:Zawiera surowce GMO:Nie, \n\nZawiera przeciwutleniacze:Tak, \n\nZawiera wzmacniacze smaku:Nie, \n\nZawiera barwniki:Nie, \n\nZawiera substancje konserwujące:Nie, \n\nZawiera olej palmowy:Nie"}, {"header": "Wartość odżywcza", "content": "W 100 mlWartość energetyczna kcal65 kcalZawartość tłuszczów (ogólnie)2.7 gKwasy tłuszczowe nasycone0.66 gKwasy tłuszczowe jednonienasycone1.16 gKwasy tłuszczowe wielonienasycone0.78 gZawartość węglowodanów8.7 gCukry6.9 gZawartość błonnika0.3 gZawartość białek1.4 gZawartość soli0.06 gWitaminy i składniki mineralnew 100 ml% RWS w 100 mlBiotyna (witamina B7)2.6 μg26%Chlor48 mg10%Cynk0.39 mg8%Fosfor63 mg11%Jod16 μg20%Kwas foliowy (witamina B9)9.1 μg0%Kwas pantotenowy (witamina B5)0.64 mg21%Magnez9.5 mg12%Niacyna (witamina B3, PP)0.25 mg0%Pirydoksyna (witamina B6)0.06 mg9%Potas96 mg10%Ryboflawina (witamina B2)0.23 mg33%Tiamina (witamina B1)0.14 mg28%Wapń113 mg21%Witamina A66 μg17%Witamina B120.16 μg20%Witamina C16 mg36%Witamina D3.1 μg44%Witamina E1.4 mg28%Witamina K5.4 μg45%Żelazo1.3 mg16%"}, {"header": "Pozostałe informacje", "content": "Kraj pochodzenia:PolskaKraj pochodzenia zależy od konkretnej partii produktu jaka znajduje się w sklepie. Informację o kraju pochodzenia znajdziesz na opakowaniu. Możesz również dodać komentarz z preferowanym typem produktu w koszyku lub wiadomości dla shoppera (np. “prosze o pomidory polskie”).Producent:NUTRICIA Polska sp. z o.o.Bobrowiecka 8 00-728 Warszawa PLkontakt@nutricia.com.plDystrybutor:Jeronimo Martins Polska S.A.Żniwna 5 62-025 Kostrzyn PLImporter:NutriciaBobrowiecka 8 00-728 Warszawa PLkontakt@nutricia.com.plNazwa wymagana prawnie:Formuła na bazie mleka przeznaczona dla małych dzieci, wzbogacona w witaminy i składniki mineralne, w proszku"}], "images": ["data/images/c1d9675fe5cd8112c6f9ad1eb39b0199.jpg"], "absolute_path": "Dla dzieci/Jedzenie dla dzieci/Mleko dla niemowląt/Produkt 8"}
{"name": "Produkt 15", "url": "https://zakupy.biedronka.pl/nan-nan-optipro-plus-4-produkt-na-bazie-mleka-dla-malych-dzieci-800-g-0000007931.html", "title": "Nan OPTIpro Plus 4 Produkt na bazie mleka dla małych dzieci 800 g", "brand": "Nan", "price": "75.89 PLN", "packaging_details": "0.8kg- 94,86 zł / kg", "description_sections": [{"header": "Opis produktu", "content": "Dwulatek ma zupełnie inne zapotrzebowanie na składniki odżywcze niż dorosły człowiek, więc jego jadłospis powinien uwzględniać wyjątkowe potrzeby małego organizmu. NAN OPTIPRO Plus 4 powstaje na bazie mleka krowiego, jednak jego skład został zmieniony w taki sposób, by ułatwić Ci prawidłowe skomponowanie diety Twojego dziecka. Każda porcja zawiera m.in. żelazo, które przyczynia się do prawidłowego rozwoju funkcji poznawczych oraz wapń i witaminę D, wspomagające rozwój kości.Nauka w trosce o przyszłośćImmunoskładniki - cynk, żelazo i wit. D ważne dla prawidłowego funkcjonowania układu odpornościowego dzieckaL. Reuteri - kultury bakterii takie jak w mleku mamyGOS\\FOS²OPTIPRO - zaawansowana technologia białka²046 g GOS i 0,05 g FOS w 100 ml gotowego produktuOleje roślinne - rzepakowy i słonecznikowyNie zawiera oleju palmowegoNAN OPTIPRO Plus 4 Produkt na bazie mleka, przeznaczony dla małych dzieci, wzbogacony w witaminy i składniki mineralne, w proszkuNAN OPTIPRO Plus 4 Stanowi tylko część zróżnicowanej diety.Subrand:OPTIPRO Plus"}, {"header": "Składniki i alergeny", "content": "Składniki:mlekopełne (48 %),mlekoodtłuszczone (25 %),laktoza(zmleka),maltodekstryna,oleje roślinne (olej rzepakowy, olej słonecznikowy),permeat serwatkowy (zmleka),galaktooligosacharydy (GOS) (zmleka),cytrynian wapnia,regulator kwasowości (fosforany potasu),emulgator [lecytyny (zsoi)],węglan wapnia,fruktooligosacharydy (FOS),witaminy (C, B2, B1, A, biotyna, D, B12),siarczan żelaza (II),kultury bakterii Limosilactobacillus reuteri** siarczan cynku,przeciwutleniacze (mieszanina tokoferoli, palmitynian L-askorbylu),jodek potasu,**zgodnie z licencją BioGaia ABAlergeny:Zawiera Mleko, \n\nZawiera Soja"}, {"header": "Wartość odżywcza", "content": "W 100 gWartość energetyczna484 kcalTłuszcz21.5 gw tym kwasy tłuszczowe nasycone4.5 gw tym kwasy tłuszczowe jednonienasycone10 gw tym kwasy tłuszczowe wielonienasycone4.7 gWęglowodany64 gw tym cukry46.5 gBłonnik2.4 gBiałko7.3 gSól0.24 gWitaminy i składniki mineralnew 100  g% RWS w 100  gBiotyna35.2 µg49%Cynk5.4 mg15%Jod135 µg23%Ryboflawina (B2)1.8 mg36%Tiamina (B1)0.6 mg16%Wapń916 mg23%Witamina A433 µg15%Witamina B122.9 µg50%Witamina C110 mg34%Witamina D18.6 µg37%Żelazo8.7 mg15%"}, {"header": "Przechowywanie i sposób przygotowania", "content": "Sposób podania:Sposób przygotowania1. Umyj starannie ręce.2. Umyj dokładnie kubek, żeby usunąć pozostałości posiłku. Zanurz go całkowicie w naczyniu z wodą i doprowadź do wrzenia. Ściągnij naczynie z płyty grzewczej. Kubek pozostaw pod przykryciem do chwili użycia.3. Zagotuj wodę pitną, pozostaw do ostygnięcia.4. Kieruj się tabelą karmienia. Najpierw wlej wodę do kubka. Następnie dodaj proszek posługując się wyłącznie załączoną miarką, ostrożnie usuwając nadmiar proszku.5. Upewnij się, że miarka jest sucha i odłóż ją z powrotem do puszki. Zamknij puszkę po każdym użyciu. Przechowuj w chłodnym i suchym miejscu.6. Wymieszaj aż do całkowitego rozpuszczenia się proszku. Sprawdź temperaturę posiłku przed karmieniem dziecka.Tabela karmieniaWiek dziecka Po 2. rokuIlość na porcjęPrzegotowana woda w ml* 210Płaskie miarki** proszku 7Dzienna liczba karmieńNAN OPTIPRO Plus 4 2Inne 3***Opakowanie pozwala na przygotowanie około 25 porcji produktu, zgodnie z tabelą karmienia.Uwaga! Podana wielkość porcji jest średnią, jaką zjada dziecko w danym wieku zależnie od indywidualnych potrzeb. Różnice mogą dotyczyć również liczby posiłków. Zawsze konsultuj ilość posiłków z lekarzem prowadzącym.*Aby utrzymać odpowiednią ilość żywych kultur bakterii, przegotowana woda powinna być ostudzona do temperatury zbliżonej do temperatury ciała (ok. 37°C) przed dodaniem proszku.** Pamiętaj: używaj tylko załączonej miarki. Użycie większej lub mniejszej ilości proszku niż wskazana może prowadzić do odwodnienia organizmu lub do niedożywienia dziecka. Nie zmieniaj proporcji wody i proszku bez porozumienia z lekarzem.*** NAN OPTIPRO Plus 4 to tylko jeden z elementów zdrowej diety dziecka po 2. roku życia. Decyzję o wprowadzaniu nowych posiłków zawsze konsultuj z lekarzem. Dla zdrowia dziecka ważna jest urozmaicona i zbilansowana dieta oraz zdrowy tryb życia.Ważna informacja: NAN OPTIPRO Plus 4 produkt na bazie mleka przeznaczony dla małych dzieci wzbogacony w witaminy i składniki mineralne, w proszku, nie jest substytutem mleka matki, ale produktem specjalnie stworzonym z myślą o malcach po 2. roku życia. Karmienie piersią powinno być kontynuowane tak długo, jak to możliwe."}, {"header": "Pozostałe informacje", "content": "Producent:Nestlé Polska S.A.,\nul. Domaniewska 32,\n02-672 WarszawaNazwa wymagana prawnie:Produkt na bazie mleka, przeznaczony dla małych dzieci, wzbogacony w witaminy i składniki mineralne, w proszku."}], "images": ["data/images/f448d4ea2ba81eeed76b14c6bb46a814.jpg"], "absolute_path": "Dla dzieci/Jedzenie dla dzieci/Mleko dla niemowląt/Produkt 15"}
{"name": "Produkt 14", "url": "https://zakupy.biedronka.pl/hipp-hipp-2-bio-combiotik-mleko-nastepne-550-g-0000007338.html", "title": "HiPP 2 BIO COMBIOTIK Mleko następne 550 g", "brand": "HiPP", "price": "46.99 PLN", "packaging_details": "0.55kg- 85,44 zł / kg", "description_sections": [{"header": "Opis produktu", "content": "Mleko następne HiPP 2 BIO COMBIOTIK® z unikalnym połączeniem:Galaktooligosacharydy (GOS) z ekologicznej laktozy. Laktoza stanowi główne źródło węglowodanów w pokarmie kobiecym. GOS jest więc również naturalnie obecny w mleku matki.Naturalne kultury bakterii kwasu mlekowego (L. fermentum) pierwotnie pozyskane z mleka matki. Pokarm kobiecy zawiera bardzo różnorodne kultury bakterii - ich rodzaj jest indywidualną cechą każdej kobiety.METAFOLIN®: źródło folianów na wzór mleka mamy.Witaminy A, C i D: wspierają układ odpornościowy.Kwas dokozaheksaenowy (DHA) z grupy Omega-3: ważny dla prawidłowego rozwoju narządu wzroku u niemowląt. Korzystne działanie występuje w przypadku spożywania 100 mg DHA dziennie.Kwas alfa-linolenowy (ALA) z grupy Omega-3: ważny dla rozwoju mózgu i komórek nerwowych.Mleko HiPP 2 BIO COMBIOTIK®, zgodnie z przepisami prawa regulującymi składmleka dla niemowląt, zawiera witaminy A, C i D oraz kwas dokozaheksaenowy (DHA) i kwas alfa-linolenowy (ALA).Produkcja ekologiczna i najwyższa jakość HiPPProdukt z certyfikatem ekologicznym.Znak HiPP BIO to gwarancja najwyższej jakości ekologicznej – jeszcze wyższej niż wymagana przepisami prawa."}, {"header": "Składniki i alergeny", "content": "Składniki:Odtłuszczonemleko*,laktoza*, oleje roślinne* (palmowy❤, rzepakowy*, słonecznikowy*), serwatka* zmlekaczęściowo odmineralizowana w proszku, galaktooligosacharydy*zlaktozy*, olej rybi¹, sole wapniowe kwasu ortofosforowego, chlorek potasu, selenian sodu (IV), L-tyrozyna, siarczan cynku, L-tryptofan, cytrynian sodu, węglan wapnia, węglan magnezu, witamina C, siarczan żelaza (II), stabilizator – kwas mlekowy, L-cystyna, jodan potasu, niacyna, naturalne kultury bakterii kwasu mlekowego (Limosilactobacillus fermentum hereditum®²), witamina E, siarczan manganu, kwas pantotenowy, siarczan miedzi (II), witamina A, witamina B1, witamina B6, Metafolin® (L-metylofolian wapnia), witamina K, witamina D, biotyna. *z rolnictwa ekologicznego ¹ zawiera DHA – dla rozwoju narządu wzroku ² Limosilactobacillus fermentum CECT5716 ❤olej palmowy ze zrównoważonych upraw ekologicznych, certyfikowanych przez niezależne jednostki kontrolne Metafolin® jest zarejestrowanym znakiem towarowym firmy Merck KGaA, Darmstadt, Niemcy"}, {"header": "Pozostałe informacje", "content": "Kraj pochodzenia:NiemcyKraj pochodzenia zależy od konkretnej partii produktu jaka znajduje się w sklepie. Informację o kraju pochodzenia znajdziesz na opakowaniu. Możesz również dodać komentarz z preferowanym typem produktu w koszyku lub wiadomości dla shoppera (np. “prosze o pomidory polskie”).Nazwa wymagana prawnie:Mleko następne HIPP 2 BIO COMBIOTIK"}], "images": ["data/images/99ae03c4e62277b6bc7e9ec67f9d53b2.jpg"], "absolute_path": "Dla dzieci/Jedzenie dla dzieci/Mleko dla niemowląt/Produkt 14"}
{"name": "Produkt 12", "url": "https://zakupy.biedronka.pl/nan-nan-optipro-plus-3-hmo-produkt-na-bazie-mleka-dla-malych-dzieci-800-g-0000006652.html", "title": "Nan OPTIpro Plus 3 HMO Produkt na bazie mleka dla małych dzieci 800 g", "brand": "Nan", "price": "75.99 PLN", "packaging_details": "0.8kg- 94,99 zł / kg", "description_sections": [{"header": "Opis produktu", "content": "Roczniak ma zupełnie inne zapotrzebowanie na składniki odżywcze niż dorosły człowiek, więc jego jadłospis powinien uwzględniać wyjątkowe potrzeby małego organizmu. NAN OPTIPRO Plus 3 HMO powstaje na bazie mleka krowiego, jednak jego skład został zmieniony w taki sposób, by ułatwić Ci prawidłowe skomponowanie diety Twojego dziecka. Każda porcja zawiera m.in. żelazo, które przyczynia się do prawidłowego rozwoju funkcji poznawczych oraz wapń i witaminę D, wspomagające rozwój kości.Nauka w trosce o przyszłośćOligosacharyd 2'FL² o strukturze identycznej jak oligosacharyd najliczniej występujący w mleku kobiecymImmunoskładniki  - cynk, żelazo i Wit. D ważne dla prawidłowego funkcjonowania układu odpornościowego dzieckaL. Reuteri  - kultury bakterii takie jak w mleku mamyOPTIPRO - zaawansowana technologia białka²0,02 g 2'FL w 100 ml gotowego produktuOleje roślinne - rzepakowy i słonecznikowyNie zawiera oleju palmowegoNAN OPTIPRO Plus 3 HMO Produkt na bazie mleka, przeznaczony dla małych dzieci, wzbogacony w witaminy i składniki mineralne, w proszku.NAN OPTIPRO Plus 3 HMO stanowi tylko cześć zróżnicowanej diety.Subrand:OPTIPRO Plus"}, {"header": "Składniki i alergeny", "content": "Składniki:mlekopełne (48 %),mlekoodtłuszczone (25 %),laktoza(zmleka),maltodekstryna,oleje roślinne (olej rzepakowy, olej słonecznikowy),permeat serwatkowy (zmleka),cytrynian wapnia,regulator kwasowości (fosforany potasu),emulgator [lecytyny (zsoi)],węglan wapnia,witaminy (C, B2, B1, A, biotyna, D, B12),2'-fukozylolaktoza (2'-FL)(zawieralaktozę),siarczan żelaza (II),kultury bakterii Limosilactobacillus reuteri¹,siarczan cynku,przeciwutleniacze (mieszanina tokoferoli, palmitynian L-askorbylu),jodek potasu,¹zgodnie z licencją BioGaia ABAlergeny:Zawiera Mleko, \n\nZawiera Soja"}, {"header": "Wartość odżywcza", "content": "W 100 gWartość energetyczna483 kcalTłuszcz21.5 gw tym kwasy tłuszczowe nasycone4.5 gw tym kwasy tłuszczowe jednonienasycone10 gw tym kwasy tłuszczowe wielonienasycone4.7 gWęglowodany65.1 gw tym cukry47.3 gBłonnik0.14 gBiałko7.3 gSól0.24 gWitaminy i składniki mineralnew 100  g% RWS w 100  gBiotyna35 µg49%Cynk5.4 mg15%Jod135 µg23%Ryboflawina (B2)1.8 mg36%Tiamina (B1)0.6 mg16%Wapń916 mg23%Witamina A433 µg15%Witamina B122.9 µg50%Witamina C110 mg34%Witamina D18.6 µg37%Żelazo8.7 mg15%"}, {"header": "Przechowywanie i sposób przygotowania", "content": "Sposób podania:Sposób przygotowania1. Umyj starannie ręce.2. Umyj dokładnie kubek, żeby usunąć pozostałości posiłku. Zanurz go całkowicie w naczyniu z wodą i doprowadź do wrzenia. Ściągnij naczynie z płyty grzewczej. Kubek pozostaw pod przykryciem do chwili użycia.3. Zagotuj wodę pitną, pozostaw do ostygnięcia.4. Kieruj się tabelą karmienia. Najpierw wlej wodę do kubka. Następnie dodaj proszek posługując się wyłącznie załączoną miarką, ostrożnie usuwając nadmiar proszku.5. Upewnij się, że miarka jest sucha i odłóż ją z powrotem do puszki. Zamknij puszkę po każdym użyciu. Przechowuj w chłodnym i suchym miejscu.6. Wymieszaj aż do całkowitego rozpuszczenia się proszku. Sprawdź temperaturę posiłku przed karmieniem dziecka.Tabela karmieniaWiek dziecka Po 1. rokuIlość na porcjęPrzegotowana woda w ml* 210Płaskie miarki** proszku 7Dzienna liczba karmieńNAN OPTIPRO Plus 3 HMO 2Inne 3***Opakowanie pozwala na przygotowanie około 25 porcji produktu, zgodnie z tabelą karmienia.Uwaga! Podana wielkość porcji jest średnią, jaką zjada dziecko w danym wieku zależnie od indywidualnych potrzeb. Różnice mogą dotyczyć również liczby posiłków. Zawsze konsultuj ilość posiłków z lekarzem prowadzącym.*Aby utrzymać odpowiednią ilość żywych kultur bakterii, przegotowana woda powinna być ostudzona do temperatury zbliżonej do temperatury ciała (ok. 37°C) przed dodaniem proszku.** Pamiętaj: używaj tylko załączonej miarki. Użycie większej lub mniejszej ilości proszku niż wskazana może prowadzić do odwodnienia organizmu lub do niedożywienia dziecka. Nie zmieniaj proporcji wody i proszku bez porozumienia z lekarzem.*** NAN OPTIPRO Plus 3 HM to tylko jeden z elementów zdrowej diety dziecka po 1. roku życia. Decyzję o wprowadzaniu nowych posiłków zawsze konsultuj z lekarzem. Dla zdrowia dziecka ważna jest urozmaicona i zbilansowana dieta oraz zdrowy tryb życia.Ważna informacja: NAN OPTIPRO Plus 3 HMO produkt na bazie mleka przeznaczony dla małych dzieci wzbogacony w witaminy i składniki mineralne, w proszku, nie jest substytutem mleka matki, ale produktem specjalnie stworzonym z myślą o malcach po 1. roku życia. Karmienie piersią powinno być kontynuowane tak długo, jak to możliwe."}, {"header": "Pozostałe informacje", "content": "Producent:Nestlé Polska S.A.,\nul. Domaniewska 32,\n02-672 WarszawaDystrybutor:Nestlé Polska S.A.ul. Domaniewska 32 02-672 WarszawaNazwa wymagana prawnie:Produkt na bazie mleka, przeznaczony dla małych dzieci, wzbogacony w witaminy i składniki mineralne, w proszku."}], "images": ["data/images/064bb0820b1b9600630b84ae537f72e0.jpg"], "absolute_path": "Dla dzieci/Jedzenie dla dzieci/Mleko dla niemowląt/Produkt 12"}
{"name": "Produkt 1", "url": "https://zakupy.biedronka.pl/kubus-kubus-baby-sok-plus-woda-jasne-owoce-po-1-roku-zycia-300-ml-0000006647.html", "title": "Kubuś Baby Sok + woda jasne owoce po 1 roku życia 300 ml", "brand": "Kubuś", "price": "4.59 PLN", "packaging_details": "0.3l- 15,30 zł / l", "description_sections": [{"header": "Opis produktu", "content": "Żywność przeznaczona dla niemowląt i małych dzieci. Bez dodatku cukru. Zawiera naturalnie występujące cukry. Wysoka zawartość witaminy C."}, {"header": "Składniki i alergeny", "content": "Składniki:woda, soki z zagęszczonych soków z: jabłek (33%), białych winogron (18%) i gruszek (11%), witamina CInne informacje o zawartości produktu:Zawiera surowce GMO:Nie, \n\nOsłonka niejadalna:Nie, \n\nInformacje szczegółowe dotyczące środków słodzących:Nie, \n\nZawiera lukrecję:Nie, \n\nZawiera chininę:Nie, \n\nZawiera taurynę:Nie, \n\nZawiera przeciwutleniacze:Nie, \n\nZawiera wzmacniacze smaku:Nie, \n\nZawiera fosforany:Nie, \n\nZawiera siarczyny:Nie, \n\nZawiera barwniki:Nie, \n\nZawiera substancje konserwujące:Nie, \n\nZawiera kofeinę:Nie, \n\nŚrodki spozywcze z dodatkiem fitosteroli, estrów fitosteroli, fitostanoli lub estrów fitostanoli:Nie"}, {"header": "Wartość odżywcza", "content": "W 100 mlWartość energetyczna kcal33 kcalZawartość tłuszczów (ogólnie)0 gKwasy tłuszczowe nasycone0 gZawartość węglowodanów7.7 gCukry7.7 gZawartość białek0 gZawartość soli0 gWitaminy i składniki mineralnew 100 ml% RWS w 100 mlWitamina C8.5 mg34%"}, {"header": "Pozostałe informacje", "content": "Kraj pochodzenia:PolskaKraj pochodzenia zależy od konkretnej partii produktu jaka znajduje się w sklepie. Informację o kraju pochodzenia znajdziesz na opakowaniu. Możesz również dodać komentarz z preferowanym typem produktu w koszyku lub wiadomości dla shoppera (np. “prosze o pomidory polskie”).Producent:MaspexDystrybutor:MWS Sp. z o.o.Strefowa 13 43-100 Tychymaspex@maspex.comImporter:MWS Sp. z o.o.Strefowa 13 43-100 Tychy PLmaspex@maspex.comNazwa wymagana prawnie:Nektar wieloowocowy z soków zagęszczonych z dodatkiem witaminy C. Zawartość owoców minimum 62%. Pasteryzowany. Bez dodatku cukrów. Zawiera naturalnie występujące cukry"}], "images": ["data/images/61022a2e3c9ce6a970304fee2068f5e5.jpg"], "absolute_path": "Dla dzieci/Jedzenie dla dzieci/Soki i napoje/Produkt 1"}
{"name": "Produkt 13", "url": "https://zakupy.biedronka.pl/bebilon-bebilon-advance-pronutra-4-junior-mleko-dla-dzieci-po-2.-roku-zycia-2x500-g-1000-g-0000007274.html", "title": "Bebilon Advance Pronutra 4 Junior Mleko dla dzieci po 2. roku życia (2x500 g) 1000 g", "brand": "Bebilon", "price": "89.89 PLN", "packaging_details": "1kg- 89,89 zł / kg", "description_sections": [{"header": "Opis produktu", "content": "Okres po 2. roku życia to wyjątkowy czas dla Twojego dziecka. To kolejny, ważny etap w jego rozwoju i czas nabywania wielu nowych umiejętności. Jesteśmy tu, by wspierać Cię, kiedy będziesz tego potrzebować. Od 50 lat nasi naukowcy i eksperci prowadzą pionierskie badania nad żywieniem na wczesnym etapie życia, aby właściwie wspierać układ odpornościowy i rozwój Twojego dziecka."}, {"header": "Składniki i alergeny", "content": "Składniki:laktozazmleka, odtłuszczonemlekow proszku (23%), maltodekstryna, galaktooligosacharydy GOS zmleka(8,6%), produkt serwatkowy (odmineralizowana serwatka, koncentrat serwatki) w proszku zmleka, olej rzepakowy, olej słonecznikowy, wysokooleinowy olej słonecznikowy, olej kokosowy, wapń, fruktooligosacharydy FOS (0,6%), olej rybi, potas, magnez, sód, witamina C, emulgator (lecytyny zsoi), chlorek choliny, żelazo, inozytol, cynk, przeciwutleniacz (palmitynian L-askorbylu), kwas pantotenowy, witamina E, aromatmleczny, niacyna, ryboflawina, witamina A, witamina D, witamina B6, tiamina, jod, kwas foliowy, witamina K, biotyna, witamina B12Alergeny:Mleko i produkty pochodne (łącznie z laktozą), \n\nSoja i produkty pochodne, \n\nRyby i produkty pochodneInne informacje o zawartości produktu:Zawiera surowce GMO:Nie, \n\nOświadczenie o poprawności danych:tak, wprowadziłam/em wszystkie wymagane prawem informacje, \n\nZawiera przeciwutleniacze:Tak, \n\nZawiera olej palmowy:Nie"}, {"header": "Wartość odżywcza", "content": "W 100 mlWartość energetyczna kcal65 kcalZawartość tłuszczów (ogólnie)2.7 gKwasy tłuszczowe nasycone0.75 gKwasy tłuszczowe jednonienasycone1.2 gKwasy tłuszczowe wielonienasycone0.7 gZawartość węglowodanów8.6 gCukry6.4 gZawartość błonnika0.6 gZawartość białek1.3 gZawartość soli0.06 gWitaminy i składniki mineralnew% RWS wBiotyna (%RWS)16 %RWS0%Biotyna (witamina B7)1.6 μg0%Chlor51 mg0%Chlor (%RWS)10 %RWS0%Cynk0.39 mg0%Cynk (%RWS)8 %RWS0%Fosfor66 mg0%Fosfor (%RWS)12 %RWS0%Jod16 μg0%Jod (%RWS)20 %RWS0%Kwas foliowy (witamina B9)7.7 μg0%Kwas pantotenowy0.61 mg0%Kwas pantotenowy (%RWS)20 %RWS0%Magnez9.7 mg0%Magnez (%RWS)12 %RWS0%Niacyna (witamina B3, PP)0.24 mg0%Pirydoksyna (witamina B6)0.07 mg0%Potas100 mg0%Potas (%RWS)10 %RWS0%Ryboflawina (%RWS)33 %RWS0%Ryboflawina (witamina B2)0.23 mg0%Tiamina (%RWS)8 %RWS0%Tiamina (witamina B1)0.04 mg0%Wapń120 mg0%Wapń (%RWS)22 %RWS0%Witamina A74 μg0%Witamina A (%RWS)19 %RWS0%Witamina B120.32 μg0%Witamina B12 (%RWS)40 %RWS0%Witamina B6 (%RWS)9 %RWS0%Witamina C14 mg0%Witamina C (%RWS)31 %RWS0%Witamina D3.25 μg0%Witamina D (%RWS)46 %RWS0%Witamina E1.5 mg0%Witamina E (%RWS)30 %RWS0%Witamina K6.6 μg0%Witamina K (%RWS)55 %RWS0%Żelazo1.3 mg0%Żelazo (%RWS)16 %RWS0%"}, {"header": "Przechowywanie i sposób przygotowania", "content": "Sposób przygotowania:Umyj ręce. Butelkę i smoczek wygotuj w wodzie przez 10 min.Świeżą wodę pitną gotuj przez 5 min, po czym pozostaw do schłodzenia (do ok. 40°C). Do wygotowanej butelki wlej odpowiednią ilość wody (wg tabeli żywienia).Używając wyłącznie załączonej, umytej i wysuszonej miarki, odmierz dokładną liczbę płaskich, nieubitych porcji proszku i dodaj je do przygotowanej butelki. Przestrzegaj wartości podanych w tabeli żywienia.Zamknij butelkę i energicznie potrząsaj pionowo przez 10 s do całkowitego rozpuszczenia proszku.Załóż na butelkę wygotowany smoczek. Sprawdź temperaturę mleka wewnętrzną stroną przegubu dłoni. Butelkę i smoczek umyj od razu po użyciu."}, {"header": "Pozostałe informacje", "content": "Kraj pochodzenia:PolskaKraj pochodzenia zależy od konkretnej partii produktu jaka znajduje się w sklepie. Informację o kraju pochodzenia znajdziesz na opakowaniu. Możesz również dodać komentarz z preferowanym typem produktu w koszyku lub wiadomości dla shoppera (np. “prosze o pomidory polskie”).Producent:Nutricia Polska Sp. z o.o.,\nul. Bobrowiecka 8\n00-728 WarszawaDystrybutor:NutriciaBobrowiecka 8 00-728 WarszawaNazwa wymagana prawnie:Mleko dla dzieci po 2. roku życia"}], "images": ["data/images/ba447ada4577de161d8c5f7f965f2f13.jpg"], "absolute_path": "Dla dzieci/Jedzenie dla dzieci/Mleko dla niemowląt/Produkt 13"}
{"name": "Produkt 6", "url": "https://zakupy.biedronka.pl/bobo-frut-bobo-frut-nektar-jablko-morela-po-6-miesiacu-300-ml-0000001601.html", "title": "Bobo Frut Nektar jabłko morela po 6 miesiącu 300 ml", "brand": "Bobo Frut", "price": "5.49 PLN", "packaging_details": "0.3l- 18,30 zł / l", "description_sections": [{"header": "Opis produktu", "content": "Bobo Frut Nektar Jabłko morela 300 ml"}, {"header": "Składniki i alergeny", "content": "Składniki:jabłka (50%), woda, morele (10%), witamina CInne informacje o zawartości produktu:Zawiera surowce GMO:Nie"}, {"header": "Wartość odżywcza", "content": "W 100 mlWartość energetyczna kcal28 kcalZawartość tłuszczów (ogólnie)0.1 gKwasy tłuszczowe nasycone0 gZawartość węglowodanów6 gCukry6 gZawartość błonnika1 gZawartość białek0.3 gZawartość soli0 gWitaminy i składniki mineralnew 100 ml% RWS w 100 mlWitamina C10 mg40%"}, {"header": "Przechowywanie i sposób przygotowania", "content": "Sposób przygotowania:Potrzebną porcję przelej do kubeczka/ bidonika ze słomką. Podawaj w temperaturze pokojowej. Przed podaniem wymieszaj i sprawdź temperaturę produktu"}, {"header": "Pozostałe informacje", "content": "Kraj pochodzenia:PolskaKraj pochodzenia zależy od konkretnej partii produktu jaka znajduje się w sklepie. Informację o kraju pochodzenia znajdziesz na opakowaniu. Możesz również dodać komentarz z preferowanym typem produktu w koszyku lub wiadomości dla shoppera (np. “prosze o pomidory polskie”).Producent:Nestlé Polska S.A.\nul. Domaniewska 32,\n02-672 WarszawaDystrybutor:Nestle Polska S.ADomaniewska 32 02-672 Warszawacs@pl.nestle.comNazwa wymagana prawnie:Nektar owocowy jabłko, morela. Produkt utrwalony termicznie, pasteryzowany."}], "images": ["data/images/03226b89fc155deab6d4dd8944c8dbba.jpg"], "absolute_path": "Dla dzieci/Jedzenie dla dzieci/Soki i napoje/Produkt 6"}
{"name": "Produkt 4", "url": "https://zakupy.biedronka.pl/bobo-frut-bobo-frut-nektar-jablko-mango-banan-po-6-miesiacu-300-ml-0000001594.html", "title": "Bobo Frut Nektar jabłko mango banan po 6 miesiącu 300 ml", "brand": "Bobo Frut", "price": "5.49 PLN", "packaging_details": "0.3szt.- 18,30 zł / l", "description_sections": [{"header": "Opis produktu", "content": "Najmłodsi potrzebują wielkiej troski, dlatego skład produktów BOBO FRUT dostosowany jest do potrzeb niemowląt i małych dzieci."}, {"header": "Składniki i alergeny", "content": "Składniki:jabłka (35%), woda, mango (15%), banany (10%), kwas cytrynowy (regulator kwasowości) witamina C. Zawartości owoców min. 60%Inne informacje o zawartości produktu:Zawiera surowce GMO:Nie"}, {"header": "Wartość odżywcza", "content": "W 100 mlWartość energetyczna kcal36 kcalZawartość tłuszczów (ogólnie)0.1 gKwasy tłuszczowe nasycone0 gZawartość węglowodanów8 gCukry7.5 gZawartość błonnika0.9 gZawartość białek0.3 gZawartość soli0 gWitaminy i składniki mineralnew 100 ml% RWS w 100 mlWitamina C10 mg40%"}, {"header": "Przechowywanie i sposób przygotowania", "content": "Sposób przygotowania:Potrzebną porcję przelej do kubeczka/ bidonika ze słomką. Podawaj w temperaturze pokojowej. Przed podaniem wymieszaj i sprawdź temperaturę produktu"}, {"header": "Pozostałe informacje", "content": "Kraj pochodzenia:PolskaKraj pochodzenia zależy od konkretnej partii produktu jaka znajduje się w sklepie. Informację o kraju pochodzenia znajdziesz na opakowaniu. Możesz również dodać komentarz z preferowanym typem produktu w koszyku lub wiadomości dla shoppera (np. “prosze o pomidory polskie”).Dystrybutor:Nestle Polska S.ADomaniewska 32 02-672 Warszawacs@pl.nestle.comNazwa wymagana prawnie:Nektar owocowy jabłko, mango, banan. Produkt utrwalony termicznie, pasteryzowany."}], "images": ["data/images/105c53aadc8d5766c55be58394b786c9.jpg"], "absolute_path": "Dla dzieci/Jedzenie dla dzieci/Soki i napoje/Produkt 4"}
{"name": "Produkt 3", "url": "https://zakupy.biedronka.pl/kubus-kubus-baby-sok-plus-woda-czerwone-owoce-po-1-roku-zycia-300-ml-0000006648.html", "title": "Kubuś Baby Sok + woda czerwone owoce po 1 roku życia 300 ml", "brand": "Kubuś", "price": "4.59 PLN", "packaging_details": "0.3l- 15,30 zł / l", "description_sections": [{"header": "Opis produktu", "content": "Żywność przeznaczona dla niemowląt i małych dzieci. Bez dodatku cukru. Zawiera naturalnie występujące cukry. Wysoka zawartość witaminy C."}, {"header": "Składniki i alergeny", "content": "Składniki:sok jabłkowy z zagęszczonego soku (42%), woda, soki z zagęszczonych soków z czerwonych winogron (22%), wiśni (2%) i czarnych porzeczek (1%), witamina CInne informacje o zawartości produktu:Zawiera surowce GMO:Nie, \n\nOsłonka niejadalna:Nie, \n\nInformacje szczegółowe dotyczące środków słodzących:Nie, \n\nZawiera lukrecję:Nie, \n\nZawiera chininę:Nie, \n\nZawiera taurynę:Nie, \n\nZawiera przeciwutleniacze:Nie, \n\nZawiera wzmacniacze smaku:Nie, \n\nZawiera fosforany:Nie, \n\nZawiera siarczyny:Nie, \n\nZawiera barwniki:Nie, \n\nZawiera substancje konserwujące:Nie, \n\nZawiera kofeinę:Nie, \n\nŚrodki spozywcze z dodatkiem fitosteroli, estrów fitosteroli, fitostanoli lub estrów fitostanoli:Nie"}, {"header": "Wartość odżywcza", "content": "W 100 mlWartość energetyczna kcal35 kcalZawartość tłuszczów (ogólnie)0 gKwasy tłuszczowe nasycone0 gZawartość węglowodanów8.2 gCukry8.2 gZawartość białek0 gZawartość soli0 gWitaminy i składniki mineralnew 100 ml% RWS w 100 mlWitamina C8.75 mg35%"}, {"header": "Pozostałe informacje", "content": "Kraj pochodzenia:PolskaKraj pochodzenia zależy od konkretnej partii produktu jaka znajduje się w sklepie. Informację o kraju pochodzenia znajdziesz na opakowaniu. Możesz również dodać komentarz z preferowanym typem produktu w koszyku lub wiadomości dla shoppera (np. “prosze o pomidory polskie”).Producent:MaspexDystrybutor:MWS Sp. z o.o.Strefowa 13 43-100 Tychymaspex@maspex.comImporter:MWS Sp. z o.o.Strefowa 13 43-100 Tychy PLmaspex@maspex.comNazwa wymagana prawnie:Nektar wieloowocowy z soków zagęszczonych z dodatkiem witaminy C dla małych dzieci. Zawartość owoców minimum 67%. Pasteryzowany. Bez dodatku cukrów. Zawiera naturalnie występujące cukry"}], "images": ["data/images/2d027283fea8de455676eb6b832472ed.jpg"], "absolute_path": "Dla dzieci/Jedzenie dla dzieci/Soki i napoje/Produkt 3"}
{"name": "Produkt 5", "url": "https://zakupy.biedronka.pl/bobo-frut-bobo-frut-nektar-jablko-marchew-po-6-miesiacu-300-ml-0000001602.html", "title": "Bobo Frut Nektar jabłko marchew po 6 miesiącu 300 ml", "brand": "Bobo Frut", "price": "5.49 PLN", "packaging_details": "0.3szt.- 18,30 zł / l", "description_sections": [{"header": "Opis produktu", "content": "Bobo Frut Nektar Jabłko marchewka 300 ml"}, {"header": "Składniki i alergeny", "content": "Składniki:jabłka (45%), woda, marchewka (20%), kwas cytrynowy (regulator kwasowości), witamina C.Inne informacje o zawartości produktu:Zawiera surowce GMO:Nie"}, {"header": "Wartość odżywcza", "content": "W 100 mlWartość energetyczna kcal29 kcalZawartość tłuszczów (ogólnie)0.2 gKwasy tłuszczowe nasycone0 gZawartość węglowodanów6 gCukry6 gZawartość błonnika1 gZawartość białek0.4 gZawartość soli0.03 gWitaminy i składniki mineralnew 100 ml% RWS w 100 mlWitamina C10 mg40%"}, {"header": "Pozostałe informacje", "content": "Kraj pochodzenia:PolskaKraj pochodzenia zależy od konkretnej partii produktu jaka znajduje się w sklepie. Informację o kraju pochodzenia znajdziesz na opakowaniu. Możesz również dodać komentarz z preferowanym typem produktu w koszyku lub wiadomości dla shoppera (np. “prosze o pomidory polskie”).Producent:Nestlé Polska S.A.\nul. Domaniewska 32,\n02-672 WarszawaDystrybutor:Nestle Polska S.ADomaniewska 32 02-672 Warszawacs@pl.nestle.comNazwa wymagana prawnie:Nektar owocowo-warzywny jabłko, marchew. Produkt utrwalony termicznie, pasteryzowany."}], "images": ["data/images/56361c2df00522074999efd53b28b7bb.jpg"], "absolute_path": "Dla dzieci/Jedzenie dla dzieci/Soki i napoje/Produkt 5"}
{"name": "Produkt 2", "url": "https://zakupy.biedronka.pl/bobo-frut-bobo-frut-nektar-jablko-mango-brzoskwinia-po-12-miesiacu-300-ml-0000010982.html", "title": "Bobo Frut Nektar jabłko mango brzoskwinia po 12 miesiącu 300 ml", "brand": "Bobo Frut", "price": "5.49 PLN", "packaging_details": "0.3l- 18,30 zł / l", "description_sections": [{"header": "Opis produktu", "content": "Najmłodsi potrzebują wielkiej troski, dlatego skład produktów BOBO FRUT dostosowany jest do potrzeb niemowląt i małych dzieci."}, {"header": "Składniki i alergeny", "content": "Składniki:jabłka (42%), woda, mango (10%), brzoskwinia (8%), kwas cytrynowy(regulator kwasowości) witamina C. Zawartości owoców min. 60%Inne informacje o zawartości produktu:Zawiera surowce GMO:Nie"}, {"header": "Wartość odżywcza", "content": "W 100 mlWartość energetyczna kcal31 kcalZawartość tłuszczów (ogólnie)0.2 gKwasy tłuszczowe nasycone0 gZawartość węglowodanów6.5 gCukry6 gZawartość błonnika1 gZawartość białek0.2 gZawartość soli0 gWitaminy i składniki mineralnew 100 ml% RWS w 100 mlWitamina C10 mg40%"}, {"header": "Przechowywanie i sposób przygotowania", "content": "Sposób przygotowania:Potrzebną porcję przelej do kubeczka/ bidonika ze słomką. Podawaj w temperaturze pokojowej. Przed podaniem wymieszaj i sprawdź temperaturę produktu"}, {"header": "Pozostałe informacje", "content": "Kraj pochodzenia:PolskaKraj pochodzenia zależy od konkretnej partii produktu jaka znajduje się w sklepie. Informację o kraju pochodzenia znajdziesz na opakowaniu. Możesz również dodać komentarz z preferowanym typem produktu w koszyku lub wiadomości dla shoppera (np. “prosze o pomidory polskie”).Producent:Nestlé Polska S.A.,\nul. Domaniewska 32,\n02-672 WarszawaDystrybutor:Nestle Polska S.ADomaniewska 32 02-672 Warszawacs@pl.nestle.comNazwa wymagana prawnie:Nektar owocowy jabłko, mango, brzoskwinia. Produkt utrwalony termicznie, pasteryzowany."}], "images": ["data/images/270523c70a6bc4d3caa8367958e67e8d.jpg"], "absolute_path": "Dla dzieci/Jedzenie dla dzieci/Soki i napoje/Produkt 2"}
{"name": "Produkt 10", "url": "https://zakupy.biedronka.pl/kubus-kubus-baby-sok-100-po-4-miesiacu-jablko-300-ml-0000006649.html", "title": "Kubuś Baby Sok 100 % po 4 miesiącu jabłko 300 ml", "brand": "Kubuś", "price": "4.59 PLN", "packaging_details": "0.3l- 15,30 zł / l", "description_sections": [{"header": "Opis produktu", "content": "Żywność przeznaczona dla niemowląt i małych dzieci. Bez dodatku cukru. Zawiera naturalnie występujące cukry. Wysoka zawartość witaminy C."}, {"header": "Składniki i alergeny", "content": "Składniki:sok jabłkowy z zagęszczonego soku (100%), witamina CInne informacje o zawartości produktu:Zawiera surowce GMO:Nie, \n\nOsłonka niejadalna:Nie, \n\nInformacje szczegółowe dotyczące środków słodzących:Nie, \n\nZawiera lukrecję:Nie, \n\nZawiera chininę:Nie, \n\nZawiera taurynę:Nie, \n\nZawiera przeciwutleniacze:Nie, \n\nZawiera wzmacniacze smaku:Nie, \n\nZawiera fosforany:Nie, \n\nZawiera siarczyny:Nie, \n\nZawiera barwniki:Nie, \n\nZawiera substancje konserwujące:Nie, \n\nZawiera kofeinę:Nie, \n\nŚrodki spozywcze z dodatkiem fitosteroli, estrów fitosteroli, fitostanoli lub estrów fitostanoli:Nie"}, {"header": "Wartość odżywcza", "content": "W 100 mlWartość energetyczna kcal45 kcalZawartość tłuszczów (ogólnie)0.1 gKwasy tłuszczowe nasycone0.01 gZawartość węglowodanów10.8 gCukry10.8 gZawartość białek0.1 gZawartość soli0 gWitaminy i składniki mineralnew 100 ml% RWS w 100 mlWitamina C25 mg100%"}, {"header": "Pozostałe informacje", "content": "Kraj pochodzenia:PolskaKraj pochodzenia zależy od konkretnej partii produktu jaka znajduje się w sklepie. Informację o kraju pochodzenia znajdziesz na opakowaniu. Możesz również dodać komentarz z preferowanym typem produktu w koszyku lub wiadomości dla shoppera (np. “prosze o pomidory polskie”).Producent:MaspexDystrybutor:MWS Sp. z o.o.Strefowa 13 43-100 Tychymaspex@maspex.comImporter:MWS Sp. z o.o.Strefowa 13 43-100 Tychy PLmaspex@maspex.comNazwa wymagana prawnie:Sok z jabłek 100% z soku zagęszczonego z dodatkiem witaminy C. Pasteryzowany. Wysoka zawartość witaminy C"}], "images": ["data/images/5d27d0179ff73e6adbff48e836348555.jpg"], "absolute_path": "Dla dzieci/Jedzenie dla dzieci/Soki i napoje/Produkt 10"}
{"name": "Produkt 7", "url": "https://zakupy.biedronka.pl/kubus-kubus-baby-sok-po-5-miesiacu-jablko-gruszka-300-ml-0000006650.html", "title": "Kubuś Baby Sok po 5 miesiącu jabłko gruszka 300 ml", "brand": "Kubuś", "price": "4.59 PLN", "packaging_details": "0.3l- 15,30 zł / l", "description_sections": [{"header": "Opis produktu", "content": "Żywność przeznaczona dla niemowląt i małych dzieci. Bez dodatku cukru. Zawiera naturalnie występujące cukry. Wysoka zawartość witaminy C."}, {"header": "Składniki i alergeny", "content": "Składniki:soki z zagęszczonych soków z: jabłek (72%) i gruszek (28%), witamina CInne informacje o zawartości produktu:Zawiera surowce GMO:Nie, \n\nOsłonka niejadalna:Nie, \n\nInformacje szczegółowe dotyczące środków słodzących:Nie, \n\nZawiera lukrecję:Nie, \n\nZawiera chininę:Nie, \n\nZawiera taurynę:Nie, \n\nZawiera przeciwutleniacze:Nie, \n\nZawiera wzmacniacze smaku:Nie, \n\nZawiera fosforany:Nie, \n\nZawiera siarczyny:Nie, \n\nZawiera barwniki:Nie, \n\nZawiera substancje konserwujące:Nie, \n\nZawiera kofeinę:Nie, \n\nŚrodki spozywcze z dodatkiem fitosteroli, estrów fitosteroli, fitostanoli lub estrów fitostanoli:Nie"}, {"header": "Wartość odżywcza", "content": "W 100 mlWartość energetyczna kcal49 kcalZawartość tłuszczów (ogólnie)0.1 gKwasy tłuszczowe nasycone0.02 gZawartość węglowodanów11.8 gCukry11.8 gZawartość białek0.3 gZawartość soli0 gWitaminy i składniki mineralnew 100 ml% RWS w 100 mlWitamina C25 mg100%"}, {"header": "Pozostałe informacje", "content": "Kraj pochodzenia:PolskaKraj pochodzenia zależy od konkretnej partii produktu jaka znajduje się w sklepie. Informację o kraju pochodzenia znajdziesz na opakowaniu. Możesz również dodać komentarz z preferowanym typem produktu w koszyku lub wiadomości dla shoppera (np. “prosze o pomidory polskie”).Producent:MaspexDystrybutor:MWS Sp. z o.o.Strefowa 13 43-100 Tychymaspex@maspex.comImporter:MWS Sp. z o.o.Strefowa 13 43-100 Tychy PLmaspex@maspex.comNazwa wymagana prawnie:Sok z owoców 100% z soków zagęszczonych z dodatkiem witaminy C. Pasteryzowany. Wysoka zawartość witaminy C"}], "images": ["data/images/abf28e1a013884265b4be1971816d279.jpg"], "absolute_path": "Dla dzieci/Jedzenie dla dzieci/Soki i napoje/Produkt 7"}
{"name": "Produkt 9", "url": "https://zakupy.biedronka.pl/bobo-frut-bobo-frut-sok-100-jablko-marchewka-i-morela-po-5-miesiacu-300-ml-0000001595.html", "title": "Bobo Frut Sok 100 % jabłko marchewka i morela po 5 miesiącu 300 ml", "brand": "Bobo Frut", "price": "5.49 PLN", "packaging_details": "0.3l- 18,30 zł / l", "description_sections": [{"header": "Opis produktu", "content": "Sok stworzony z myślą o niemowlętach po 5. miesiącu życia. Wyprodukowany ze starannie selekcjonowanych owoców (jabłka, morele, cytryny) i warzyw (marchew) z kontrolowanych upraw."}, {"header": "Składniki i alergeny", "content": "Składniki:sok jabłkowy (69,4%), marchew (15%), morele (9,9%), jabłka (5%), sok cytrynowy, witamina CInne informacje o zawartości produktu:Zawiera surowce GMO:Nie"}, {"header": "Wartość odżywcza", "content": "W 100 mlWartość energetyczna kcal39 kcalZawartość tłuszczów (ogólnie)0.1 gKwasy tłuszczowe nasycone0 gZawartość węglowodanów8.7 gCukry8 gZawartość błonnika1 gZawartość białek0.3 gZawartość soli0.02 gWitaminy i składniki mineralnew 100 ml% RWS w 100 mlWitamina C15 mg60%"}, {"header": "Pozostałe informacje", "content": "Kraj pochodzenia:PolskaKraj pochodzenia zależy od konkretnej partii produktu jaka znajduje się w sklepie. Informację o kraju pochodzenia znajdziesz na opakowaniu. Możesz również dodać komentarz z preferowanym typem produktu w koszyku lub wiadomości dla shoppera (np. “prosze o pomidory polskie”).Producent:NestleDystrybutor:Nestle Polska S.ADomaniewska 32 02-672 Warszawacs@pl.nestle.comImporter:Nestle Polska S.ADomaniewska 32 02-672 Warszawa PLcs@pl.nestle.comNazwa wymagana prawnie:Sok owocowo-warzywny jabłko, marchewka i morela. Produkt utrwalony termicznie, pasteryzowany. Częściowo z zagęszczonych soków i przecieru."}], "images": ["data/images/758448e21434193cbe55490aefcff5f2.jpg"], "absolute_path": "Dla dzieci/Jedzenie dla dzieci/Soki i napoje/Produkt 9"}
{"name": "Produkt 8", "url": "https://zakupy.biedronka.pl/bobo-frut-bobo-frut-nektar-jablko-truskawka-po-12-miesiacu-300-ml-0000001593.html", "title": "Bobo Frut Nektar jabłko truskawka po 12 miesiącu 300 ml", "brand": "Bobo Frut", "price": "5.49 PLN", "packaging_details": "0.3szt.- 18,30 zł / l", "description_sections": [{"header": "Opis produktu", "content": "Najmłodsi potrzebują wielkiej troski, dlatego skład produktów BOBO FRUT dostosowany jest do potrzeb niemowląt i małych dzieci."}, {"header": "Składniki i alergeny", "content": "Składniki:jabłka (50%), woda, truskawki (9%), jagody, kwas cytrynowy (regulator kwasowości) witamina C. Zawartości owoców min. 60%Inne informacje o zawartości produktu:Zawiera surowce GMO:Nie"}, {"header": "Wartość odżywcza", "content": "W 100 mlWartość energetyczna kcal27 kcalZawartość tłuszczów (ogólnie)0.1 gKwasy tłuszczowe nasycone0 gZawartość węglowodanów6 gCukry5.5 gZawartość błonnika0.8 gZawartość białek0.2 gZawartość soli0 gWitaminy i składniki mineralnew 100 ml% RWS w 100 mlWitamina C10 mg40%"}, {"header": "Przechowywanie i sposób przygotowania", "content": "Sposób przygotowania:Potrzebną porcję przelej do kubeczka/ bidonika ze słomką. Podawaj w temperaturze pokojowej. Przed podaniem wymieszaj i sprawdź temperaturę produktu"}, {"header": "Pozostałe informacje", "content": "Kraj pochodzenia:PolskaKraj pochodzenia zależy od konkretnej partii produktu jaka znajduje się w sklepie. Informację o kraju pochodzenia znajdziesz na opakowaniu. Możesz również dodać komentarz z preferowanym typem produktu w koszyku lub wiadomości dla shoppera (np. “prosze o pomidory polskie”).Producent:Nestlé Polska S.A.,\nul. Domaniewska 32,\n02-672 WarszawaDystrybutor:Nestle Polska S.ADomaniewska 32 02-672 Warszawacs@pl.nestle.comNazwa wymagana prawnie:Nektar owocowy jabłko, truskawka. Produkt utrwalony termicznie, pasteryzowany."}], "images": ["data/images/54bc843904d9b4332714d055d0567be7.jpg"], "absolute_path": "Dla dzieci/Jedzenie dla dzieci/Soki i napoje/Produkt 8"}
{"name": "Produkt 11", "url": "https://zakupy.biedronka.pl/bobo-frut-bobo-frut-nektar-jablko-gruszka-po-6-miesiacu-300-ml-0000001603.html", "title": "Bobo Frut Nektar jabłko gruszka po 6 miesiącu 300 ml", "brand": "Bobo Frut", "price": "5.49 PLN", "packaging_details": "0.3szt.- 18,30 zł / l", "description_sections": [{"header": "Opis produktu", "content": "Najmłodsi potrzebują wielkiej troski, dlatego skład produktów BOBO FRUT dostosowany jest do potrzeb niemowląt i małych dzieci."}, {"header": "Składniki i alergeny", "content": "Składniki:jabłka (40%), woda, gruszki (20%), kwas cytrynowy(regulator kwasowości) witamina C. Zawartości owoców min. 60%Inne informacje o zawartości produktu:Zawiera surowce GMO:Nie"}, {"header": "Wartość odżywcza", "content": "W 100 mlWartość energetyczna kcal32 kcalZawartość tłuszczów (ogólnie)0.1 gKwasy tłuszczowe nasycone0 gZawartość węglowodanów7 gCukry7 gZawartość błonnika1 gZawartość białek0.2 gZawartość soli0 gWitaminy i składniki mineralnew 100 ml% RWS w 100 mlWitamina C10 mg40%"}, {"header": "Przechowywanie i sposób przygotowania", "content": "Sposób przygotowania:Potrzebną porcję przelej do kubeczka/ bidonika ze słomką. Podawaj w temperaturze pokojowej. Przed podaniem wymieszaj i sprawdź temperaturę produktu"}, {"header": "Pozostałe informacje", "content": "Kraj pochodzenia:PolskaKraj pochodzenia zależy od konkretnej partii produktu jaka znajduje się w sklepie. Informację o kraju pochodzenia znajdziesz na opakowaniu. Możesz również dodać komentarz z preferowanym typem produktu w koszyku lub wiadomości dla shoppera (np. “prosze o pomidory polskie”).Producent:Nestlé Polska S.A.\nul. Domaniewska 32,\n02-672 WarszawaDystrybutor:Nestle Polska S.ADomaniewska 32 02-672 Warszawacs@pl.nestle.comNazwa wymagana prawnie:Nektar owocowy jabłko, gruszka. Produkt utrwalony termicznie, pasteryzowany."}], "images": ["data/images/ac3a83d8e9a6d3115d6557f0878ff9c0.jpg"], "absolute_path": "Dla dzieci/Jedzenie dla dzieci/Soki i napoje/Produkt 11"}
{"name": "Produkt 3", "url": "https://zakupy.biedronka.pl/bambino-bambino-mydlo-dla-niemowlat-i-dzieci-90-g-0000011324.html", "title": "Bambino Mydło dla niemowląt i dzieci 90 g", "brand": "Bambino", "price": "4.69 PLN", "packaging_details": "0.09kg- 52,11 zł / kg", "description_sections": [{"header": "Opis produktu", "content": "Mydło delikatnie myje i pielęgnuje, a dzięki zawartości lanoliny nie wysusza skóry. Produkt jest polecany do codziennej higieny dzieci i niemowląt. Można go stosować już od pierwszych dni życia dziecka. Ponieważ ma delikatną formułę, może być używane bardzo często. Idealnie nadaje się do kąpieli, jak również do systematycznego oczyszczania rąk i ciała z wszelkich zabrudzeń. Mydło Bambino posiada pozytywną opinię Instytutu Matki i Dziecka. Wypróbuj również pozostałe kosmetyki do pielęgnacji niemowląt Bambino."}, {"header": "Przechowywanie i sposób przygotowania", "content": "Sposób podania:Zwilż mydło wodą, a następnie nanieś na myjkę lub bezpośrednio na skórę dziecka."}, {"header": "Pozostałe informacje", "content": "Kraj pochodzenia:NiemcyKraj pochodzenia zależy od konkretnej partii produktu jaka znajduje się w sklepie. Informację o kraju pochodzenia znajdziesz na opakowaniu. Możesz również dodać komentarz z preferowanym typem produktu w koszyku lub wiadomości dla shoppera (np. “prosze o pomidory polskie”).Nazwa wymagana prawnie:Mydło wegańskie 90g"}], "images": ["data/images/f0cf69efe8c1bd95a6b3685f29227e57.jpg"], "absolute_path": "Dla dzieci/Pielęgnacja ciała/Kąpiel/Produkt 3"}
{"name": "Produkt 1", "url": "https://zakupy.biedronka.pl/bambino-bambino-rodzina-zel-pod-prysznic-odzywczy-1000-ml-0000803489.html", "title": "Bambino Rodzina Żel pod prysznic odżywczy 1000 ml", "brand": "Bambino", "price": "31.99 PLN", "packaging_details": "1l- 31,99 zł / l", "description_sections": [{"header": "Opis produktu", "content": "Bambino Rodzina Odżywczy Żel pod Prysznic i do Kąpieli 1000 ml to kremowa formuła stworzona z myślą o codziennej pielęgnacji całej rodziny - zarówno dorosłych, jak i dzieci od 3. roku życia. Doskonale sprawdza się przy skórze suchej, wrażliwej, skłonnej do podrażnień oraz atopii, zapewniając skuteczne oczyszczenie bez naruszania naturalnej bariery ochronnej skóry. Formuła żelu została wzbogacona o pantenol i znaną z właściwości pielęgnacyjnych oliwkę. Dzięki temu produkt odżywia, koi i chroni przed przesuszeniem, zapewniając skórze miękkość i komfort już od pierwszego użycia. Jego delikatna, kremowa konsystencja dobrze się rozprowadza i łatwo spłukuje, a pH przyjazne dla skóry czyni go odpowiednim nawet dla najbardziej wymagającej cery. Duże opakowanie 1000 ml z pompką wystarcza na około 500 dozowań, co czyni go wygodnym, ekonomicznym i bardziej ekologicznym rozwiązaniem. Żel zawiera 92% składników pochodzenia naturalnego, nie zawiera mikroplastiku i jest w 100 % wegański. Wyprodukowany w Polsce.Najważniejsze cechy produktu:- Idealny do skóry wrażliwej, suchej, skłonnej do podrażnień i atopii- Delikatnie oczyszcza, nawilża i koi skórę- Odżywcza formuła z pantenolem i oliwką- Odpowiedni dla dorosłych i dzieci od 3. roku życia- 92 % składników pochodzenia naturalnego- pH przyjazne dla skóry, nawet najbardziej wymagającej- Bez mikroplastiku- W 100 % wegański- Duże opakowanie 1000 ml z pompką - aż 500 dozowań- Stworzony i wyprodukowany w PolsceSubrand:Rodzina"}, {"header": "Składniki i alergeny", "content": "Składniki:Aqua,Sodium Myreth Sulfate,Cocamidopropyl Betaine,Sodium Chloride,Glycerin,Glycine Soja Oil,Panthenol,Pantolactone,Coco-Glucoside,Decyl Glucoside,Glyceryl Oleate,Sodium Cocoamphoacetate,Glycol Distearate,Glycol Stearate,Guar Hydroxypropyltrimonium Chloride,Tocopherol,Hydrogenated Palm Glycerides,Citrate,Citric Acid,Disodium EDTA,Sodium Benzoate,Parfum,Trimethylbenzenepropanol"}, {"header": "Przechowywanie i sposób przygotowania", "content": "Sposób podania:Dla dorosłych i dla dzieci 3+  Sposób użycia: niewielką ilość żelu wlać do wanny lub nałożyć na wilgotną skórę. Po umyciu spłukać."}, {"header": "Pozostałe informacje", "content": "Kraj pochodzenia:PolskaKraj pochodzenia zależy od konkretnej partii produktu jaka znajduje się w sklepie. Informację o kraju pochodzenia znajdziesz na opakowaniu. Możesz również dodać komentarz z preferowanym typem produktu w koszyku lub wiadomości dla shoppera (np. “prosze o pomidory polskie”).Producent:NIVEA Polska Sp. z o.o.\nPoznań,\nul. Gnieźnieńska 32\nInfolinia: 801 988 888\nwww.bambino.plDystrybutor:Jeronimo Martins Polska S.A.Żniwna 5 62-025 Kostrzyn PLImporter:Jeronimo Martins Polska S.A.Żniwna 5 62-025 Kostrzyn PLNazwa wymagana prawnie:Bambino Rodzina Żel pod prysznic odżywczy 1000 ml"}], "images": ["data/images/b6b848ebd93e6d3dea9102878e046992.jpg"], "absolute_path": "Dla dzieci/Pielęgnacja ciała/Kąpiel/Produkt 1"}
{"name": "Produkt 2", "url": "https://zakupy.biedronka.pl/bambino-bambino-rodzina-zel-pod-prysznic-gruszka-1000-ml-0000803488.html", "title": "Bambino Rodzina Żel pod prysznic gruszka 1000 ml", "brand": "Bambino", "price": "31.99 PLN", "packaging_details": "1l- 31,99 zł / l", "description_sections": [{"header": "Opis produktu", "content": "Bambino Rodzina Żel pod Prysznic i do Kąpieli o zapachu gruszki 1000 ml to doskonały wybór do codziennej pielęgnacji całej rodziny - od najmłodszych po dorosłych. Produkt delikatnie, a zarazem skutecznie oczyszcza skórę, nie powodując przesuszenia ani podrażnień. Dzięki świeżemu, owocowemu zapachowi gruszki, każda kąpiel staje się chwilą przyjemności i relaksu. Formuła żelu została wzbogacona o kultową oliwkę oraz pantenol, które wspomagają utrzymanie właściwego poziomu nawilżenia i przynoszą ukojenie suchej, wrażliwej skórze. Kosmetyk ma pH przyjazne dla skóry i może być stosowany codziennie, nawet przez osoby z tendencją do podrażnień. Zawiera aż 92 % składników pochodzenia naturalnego, nie zawiera mikroplastiku i jest w 100 % wegański. Duże, rodzinne opakowanie z pompką to praktyczne, ekologiczne i wydajne rozwiązanie do każdej łazienki - wystarcza na około 500 dozowań.Najważniejsze cechy produktu:- Delikatnie oczyszcza, nie naruszając naturalnej bariery ochronnej skóry- Owocowy zapach gruszki, który długo utrzymuje się na skórze- Zawiera oliwkę i pantenol - składniki znane ze swoich właściwości nawilżających i kojących- Wydajne opakowanie 1000 ml z pompką - aż 500 dozowań- Odpowiedni do codziennego stosowania dla całej rodziny, także dzieci od 3 roku życia- 92 % składników pochodzenia naturalnego- Formuła wolna od mikroplastiku- Produkt wegański - nie zawiera składników pochodzenia zwierzęcego- pH przyjazne nawet dla skóry wrażliwej- Praktyczne, ekonomiczne i ekologiczne rozwiązanie do rodzinnej pielęgnacjiSubrand:Rodzina"}, {"header": "Składniki i alergeny", "content": "Składniki:Aqua,Sodium Myreth Sulfate,Cocamidopropyl Betaine,Sodium Chloride,Glycerin,Citric Acid,Sodium Cocoamphoacetate,Glycine Soja Oil,Panthenol,Pantolactone,Coco-Glucoside,Glyceryl Oleate,Tocopherol,Hydrogenated Palm Glycerides Citrate,Sodium Citrate,Sodium Benzoate,Parfum"}, {"header": "Przechowywanie i sposób przygotowania", "content": "Sposób podania:Sposób użycia: niewielką ilość żelu wlać do wanny lub nałożyć na wilgotną skórę. Po umyciu spłukać."}, {"header": "Pozostałe informacje", "content": "Kraj pochodzenia:PolskaKraj pochodzenia zależy od konkretnej partii produktu jaka znajduje się w sklepie. Informację o kraju pochodzenia znajdziesz na opakowaniu. Możesz również dodać komentarz z preferowanym typem produktu w koszyku lub wiadomości dla shoppera (np. “prosze o pomidory polskie”).Producent:NIVEA Polska Sp. z o.o.\nPoznań,\nul. Gnieźnieńska 32\nInfolinia: 801 988 888\nwww.bambino.plDystrybutor:Jeronimo Martins Polska S.A.Żniwna 5 62-025 Kostrzyn PLImporter:Jeronimo Martins Polska S.A.Żniwna 5 62-025 Kostrzyn PLNazwa wymagana prawnie:Bambino Rodzina Żel pod prysznic gruszka 1000 ml"}], "images": ["data/images/9ba956befdb45599833106d92655a9d3.jpg"], "absolute_path": "Dla dzieci/Pielęgnacja ciała/Kąpiel/Produkt 2"}
{"name": "Produkt 13", "url": "https://zakupy.biedronka.pl/bobo-frut-bobo-frut-100-sok-jablko-i-marchewka-po-4-miesiacu-300-ml-0000001598.html", "title": "Bobo Frut 100% sok jabłko i marchewka po 4 miesiącu 300 ml", "brand": "Bobo Frut", "price": "5.49 PLN", "packaging_details": "0.3l- 18,30 zł / l", "description_sections": [{"header": "Opis produktu", "content": "Kompozycja jabłka i marchewki w smacznej formie soku, przeznaczona dla niemowląt po 4. miesiącu życia i starszych dzieci. Kup teraz sok jabłkowo-marchwiowy."}, {"header": "Składniki i alergeny", "content": "Składniki:sok jabłkowy (55%), jabłka (30%), marchew (15%), witamina C marchew (15%)Inne informacje o zawartości produktu:Zawiera surowce GMO:Tak"}, {"header": "Wartość odżywcza", "content": "W 100 mlWartość energetyczna kcal44 kcalZawartość tłuszczów (ogólnie)0.1 gKwasy tłuszczowe nasycone0 gZawartość węglowodanów10 gCukry9.5 gZawartość błonnika0.9 gZawartość białek0.3 gZawartość soli0.02 gWitaminy i składniki mineralnew 100 ml% RWS w 100 mlWitamina C25 mg100%"}, {"header": "Pozostałe informacje", "content": "Kraj pochodzenia:PolskaKraj pochodzenia zależy od konkretnej partii produktu jaka znajduje się w sklepie. Informację o kraju pochodzenia znajdziesz na opakowaniu. Możesz również dodać komentarz z preferowanym typem produktu w koszyku lub wiadomości dla shoppera (np. “prosze o pomidory polskie”).Producent:NestleDystrybutor:Nestle Polska S.ADomaniewska 32 02-672 Warszawacs@pl.nestle.comImporter:Nestle Polska S.ADomaniewska 32 02-672 Warszawa PLcs@pl.nestle.comNazwa wymagana prawnie:Sok owocowo-warzywny jabłko i marchewka. Produkt utrwalony termicznie, pasteryzowany. Częściowo z zagęszczonego soku."}], "images": ["data/images/51152a7621a9ee767d8e94dc13e50046.jpg"], "absolute_path": "Dla dzieci/Jedzenie dla dzieci/Soki i napoje/Produkt 13"}
{"name": "Produkt 12", "url": "https://zakupy.biedronka.pl/bobo-frut-bobo-frut-nektar-jablko-banan-marchewka-po-6-miesiacu-300-ml-0000001600.html", "title": "Bobo Frut Nektar jabłko banan marchewka po 6 miesiącu 300 ml", "brand": "Bobo Frut", "price": "5.49 PLN", "packaging_details": "0.3l- 18,30 zł / l", "description_sections": [{"header": "Opis produktu", "content": "Bobo Frut Nektar Jabłko banan marchewka 300 ml"}, {"header": "Składniki i alergeny", "content": "Składniki:woda, jabłka (30%), banany (18%), marchewka (12%), kwas cytrynowy (regulator kwasowości), witamina CInne informacje o zawartości produktu:Zawiera surowce GMO:Nie"}, {"header": "Wartość odżywcza", "content": "W 100 mlWartość energetyczna kcal33 kcalZawartość tłuszczów (ogólnie)0.1 gKwasy tłuszczowe nasycone0 gZawartość węglowodanów7 gCukry7 gZawartość błonnika1 gZawartość białek0.4 gZawartość soli0.02 gWitaminy i składniki mineralnew 100 ml% RWS w 100 mlWitamina C10 mg40%"}, {"header": "Przechowywanie i sposób przygotowania", "content": "Sposób przygotowania:Potrzebną porcję przelej do kubeczka/ bidonika ze słomką. Podawaj w temperaturze pokojowej. Przed podaniem wymieszaj i sprawdź temperaturę produktu"}, {"header": "Pozostałe informacje", "content": "Kraj pochodzenia:PolskaKraj pochodzenia zależy od konkretnej partii produktu jaka znajduje się w sklepie. Informację o kraju pochodzenia znajdziesz na opakowaniu. Możesz również dodać komentarz z preferowanym typem produktu w koszyku lub wiadomości dla shoppera (np. “prosze o pomidory polskie”).Producent:Nestlé Polska S.A.\nul. Domaniewska 32,\n02-672 WarszawaDystrybutor:Nestle Polska S.ADomaniewska 32 02-672 Warszawacs@pl.nestle.comNazwa wymagana prawnie:Nektar owocowo-warzywny jabłko, banan, marchewka. Produkt utrwalony termicznie, pasteryzowany."}], "images": ["data/images/88248da96fdf54bf82cd96c2e81eacad.jpg"], "absolute_path": "Dla dzieci/Jedzenie dla dzieci/Soki i napoje/Produkt 12"}
{"name": "Produkt 3", "url": "https://zakupy.biedronka.pl/dada-extra-care-dada-extra-care-pieluchy-rozmiar-1-26-szt.-0000009536.html", "title": "Dada Extra Care Pieluchy rozmiar 1 26 szt.", "brand": "Dada Extra Care", "price": "13.99 PLN", "packaging_details": "26szt.- 0,54 zł / szt", "description_sections": [{"header": "Opis produktu", "content": "Jedyna pieluszka w Polsce stworzona we współpracy z Instytutem Matki i DzieckaPieluszki Dada Extra Care z technologią Climaflex® zostały stworzone z myślą o najwyższym komforcie Twojego Maluszka. Superchłonny wkład zapewnia niezawodną ochronę przed wilgocią i odprowadza ciepło na zewnątrz, by jak najlepiej zapobiegać powstawaniu podrażnień.Unikalny kształt kanalika chłonnego sprawia, że wilgoć jest szybko wiązana we wnętrzu, aby wspierać utrzymanie suchej skóry dziecka. Dzięki zastosowanej technologii pieluszka jest cieńsza i bardziej elastyczna, dzięki czemu Maluszek może cieszyć się pełną swobodą ruchu."}, {"header": "Pozostałe informacje", "content": "Kraj pochodzenia:Unia EuropejskaKraj pochodzenia zależy od konkretnej partii produktu jaka znajduje się w sklepie. Informację o kraju pochodzenia znajdziesz na opakowaniu. Możesz również dodać komentarz z preferowanym typem produktu w koszyku lub wiadomości dla shoppera (np. “prosze o pomidory polskie”).Producent:Jeronimo Martins Polska S.A.Dystrybutor:Jeronimo Martins Polska S.A.Żniwna 5 62-025 Kostrzyn PLJeronimo Martins Polska S.A.Żniwna 5 62-025 KostrzynImporter:Jeronimo Martins Polska S.A.Żniwna 5 62-025 Kostrzyn PLbok@biedronka.plNazwa wymagana prawnie:Pieluszki Dada Extra Care z technologią Climaflex"}], "images": ["data/images/7d726ca574b74c6cb4f8c1749d96b1a7.jpg", "data/images/9f65842a68c4861c98d63d71682d7d1e.jpg", "data/images/8700605110600507acba0d9ade2c4ca0.jpg", "data/images/e8894637ae1e1ad2e3b17e7f9d19dfa7.jpg"], "absolute_path": "Dla dzieci/Pieluchy/Produkt 3"}
{"name": "Produkt 2", "url": "https://zakupy.biedronka.pl/pampers-pampers-premium-care-2-kg-5-kg-rozm.-1-50-szt.-0000014704.html", "title": "Pampers Premium Care 2 kg-5 kg rozm. 1 50 szt.", "brand": "Pampers", "price": "44.99 PLN", "packaging_details": "50szt.- 0,90 zł / szt", "description_sections": [{"header": "Opis produktu", "content": "PODWÓJNA OCHRONA: skóry i przed przeciekaniem. Najlepszy komfort i ochrona wrażliwej skóry od Pampers - testowane i zatwierdzone uśmiechem dzieci! Stworzyliśmy pieluszkę Pampers nr 1 specjalnie dla delikatnej skóry noworodków. To także numer 1 w ochronie przed przeciekaniem. Pieluszki Pampers Premium Care zapewniają najlepszą ochronę dzięki 1) NATYCHMIASTOWEMU WCHŁANIANIU - ponad 1000 chłonnych mikroporów natychmiast wchłania wilgoć i zabrudzenia, utrzymując je z dala od skóry, która dzięki temu pozostaje sucha. 2) UNIKALNA KIESZONKA STOP & PROTECT zapobiega przeciekaniu pieluszek z tyłu. 3) WYJĄTKOWO MIĘKKI MATERIAŁ otula skórę dziecka, zapewniając mu komfort i ochronę. Oraz 4) nasz unikalny wzór COMFORT FIT z nakładającym się systemem zapinania i wycięciem na pępek. Produkty Pampers Premium Care są w 100% bezpieczne dla skóry Twojego dziecka - zostały przetestowane dermatologicznie i zatwierdzone przez dermatologów z organizacji Skin Health Alliance. Noworodki są zachwycone!Subrand:Premium Care"}, {"header": "Składniki i alergeny", "content": "Składniki:Petrolatum, Stearyl Alcohol, Paraffinum Liquidum, Aloe Barbadensis Leaf Extract"}, {"header": "Pozostałe informacje", "content": "Kraj pochodzenia:PolskaKraj pochodzenia zależy od konkretnej partii produktu jaka znajduje się w sklepie. Informację o kraju pochodzenia znajdziesz na opakowaniu. Możesz również dodać komentarz z preferowanym typem produktu w koszyku lub wiadomości dla shoppera (np. “prosze o pomidory polskie”).Producent:Procter & Gamble Service Gmbh, 65823 Schwalbach am TaunusNazwa wymagana prawnie:Pampers Premium Care rozmiar 1, 50 pieluszki, 2kg-5kg"}], "images": ["data/images/4846cfdee3d589c7047bfa2eda63735d.jpg"], "absolute_path": "Dla dzieci/Pieluchy/Produkt 2"}
{"name": "Produkt 1", "url": "https://zakupy.biedronka.pl/dada-dada-chusteczki-nawilzane-dla-dzieci-i-niemowlat-3x72-szt.-0000004871.html", "title": "Dada Chusteczki nawilżane dla dzieci i niemowląt 3x72 szt.", "brand": "Dada", "price": "9.99 PLN", "packaging_details": "216szt.- 0,05 zł / szt", "description_sections": [{"header": "Opis produktu", "content": "Delikatne chusteczki przeznaczone do łagodnego, a jednocześnie skutecznego oczyszczania skóry dzieci i niemowląt nie naruszają mikrobiomu skóry, który stanowi naturalną ochronę przed działaniem czynników zewnętrznych. Płyn nawilżający zawiera ekstrakt z rumianku, alantoinę i glicerynę. Woda używana do produkcji chusteczek nawilżanych przechodzi proces 4-etapowej filtracji. Pozytywna opinia Instytutu Matki i Dziecka nr Op-5530\\2023"}, {"header": "Pozostałe informacje", "content": "Nazwa wymagana prawnie:Delikatne chusteczki"}], "images": ["data/images/6b490c5f6c2cef57304f3f538e39fc91.jpg", "data/images/997bfae5ae010469522092320f279351.jpg"], "absolute_path": "Dla dzieci/Chusteczki nawilżane/Produkt 1"}
{"name": "Produkt 1", "url": "https://zakupy.biedronka.pl/pampers-pampers-pants-pieluchomajtki-rozmiar-5-12-17-kg-28-szt.-0000008048.html", "title": "Pampers Pants Pieluchomajtki rozmiar 5 12-17 kg 28 szt.", "brand": "Pampers", "price": "48.89 PLN", "packaging_details": "28szt.- 1,75 zł / szt", "description_sections": [{"header": "Opis produktu", "content": "Gdy Twoje dziecko zaczyna być bardziej aktywne, potrzebujesz pieluszki, która nadąży za jego nowymi ruchami. Dzięki rewolucyjnemu systemowi Stop & Protect pieluchomajtki Pampers Active Baby zapewniają doskonałą ochronę przed przeciekaniem niezależnie od tego, w jakiej pozycji znajdzie się Twój maluch - w dzień i w nocy System Stop & Protect w pieluchomajtkach Pampers Active Baby obejmuje 2 razy szersze* osłonki wokół nogawek, które pomagają zapobiegać przeciekaniu przy nóżkach, kieszonkę zapobiegającą przeciekaniu z tyłu i elastyczną taśmę wokół talii, zapewniającą dopasowanie 360°, które dostosowuje się do wiercącego się maluszka, jak również superchłonny wkład, zapewniający do 12 godzin ochrony. Podobnie jak wszystkie nasze pieluchomajtki, Pampers Active Baby łatwo się zmienia, nawet gdy dziecko się wierci: wystarczy jeden ruch, aby je założyć. Żeby zdjąć pieluchomajtki, musisz tylko rozedrzeć ich boczki, a przed wyrzuceniem zwinąć je i zabezpieczyć je taśmą. Zarówno dla Ciebie, jak i dla marki Pampers dobro dziecka jest na pierwszym miejscu: Pieluchomajtki Pampers Active Baby zostały przetestowane dermatologicznie i zatwierdzone przez dermatologów z organizacji Skin Health Alliance. Chcesz dowiedzieć się więcej o komponentach i składnikach stosowanych przez Pampers? Odwiedź stronę pampers.pl. * w porównaniu z poprzednimi.Subrand:Pants"}, {"header": "Składniki i alergeny", "content": "Składniki:Petrolatum, Stearyl Alcohol, Paraffinum Liquidum, Aloe Barbadensis Leaf Extract"}, {"header": "Pozostałe informacje", "content": "Kraj pochodzenia:PolskaKraj pochodzenia zależy od konkretnej partii produktu jaka znajduje się w sklepie. Informację o kraju pochodzenia znajdziesz na opakowaniu. Możesz również dodać komentarz z preferowanym typem produktu w koszyku lub wiadomości dla shoppera (np. “prosze o pomidory polskie”).Producent:Procter & Gamble Service Gmbh, 65823 Schwalbach am TaunusNazwa wymagana prawnie:Pieluchomajtki Pampers Active Baby, rozmiar 5, pieluszki 28, 11kg-17kg"}], "images": ["data/images/4def8fcc52d5e1bbac586be89fe07890.jpg"], "absolute_path": "Dla dzieci/Pieluchy/Produkt 1"}
{"name": "Produkt 4", "url": "https://zakupy.biedronka.pl/dada-extra-care-dada-extra-care-pieluszki-dla-dzieci-rozmiar-6-34-szt.-0000019406.html", "title": "Dada Extra Care Pieluszki dla dzieci rozmiar 6 34 szt.", "brand": "Dada Extra Care", "price": "31.49 PLN", "packaging_details": "34szt.- 0,93 zł / szt", "description_sections": [{"header": "Opis produktu", "content": "Pieluszki Dada Extra Care z technologią Climaflex® zostały stworzone z myślą o najwyższym komforcie Twojego Maluszka. Superchłonny wkład zapewnia niezawodną ochronę przed wilgocią i odprowadza ciepło na zewnątrz by jak najlepiej zapobiegać powstawaniu podrażnień. Unikalny kształt kanalika chłonnego sprawia, że wilgoć Jest szybko wiązana we wnętrzu, aby wspierać utrzymanie suchej skóry dziecka. Dzięki zastosowanej technologii pieluszka jest cieńsza i bardziej elastyczna, dzięki czemu Maluszek może cieszyć slę pełną swobodą ruchu."}, {"header": "Pozostałe informacje", "content": "Kraj pochodzenia:Unia EuropejskaKraj pochodzenia zależy od konkretnej partii produktu jaka znajduje się w sklepie. Informację o kraju pochodzenia znajdziesz na opakowaniu. Możesz również dodać komentarz z preferowanym typem produktu w koszyku lub wiadomości dla shoppera (np. “prosze o pomidory polskie”).Dystrybutor:Jeronimo Martins Polska S.A.Żniwna 5 62-025 Kostrzyn PLImporter:Jeronimo Martins Polska S.A.Żniwna 5 62-025 Kostrzyn PLNazwa wymagana prawnie:Pieluszki Dada Extra Care z technologią Climaflex"}], "images": ["data/images/011434a9925b9722d4a0766f943576d6.jpg", "data/images/786709f77264d1a965af8ee527d4244e.jpg"], "absolute_path": "Dla dzieci/Pieluchy/Produkt 4"}
{"name": "Produkt 7", "url": "https://zakupy.biedronka.pl/pampers-pampers-pants-pieluchomajtki-rozmiar-4-9-kg-15-kg-30-szt.-0000008049.html", "title": "Pampers Pants Pieluchomajtki rozmiar 4 9 kg-15 kg 30 szt.", "brand": "Pampers", "price": "48.89 PLN", "packaging_details": "30szt.- 1,63 zł / szt", "description_sections": [{"header": "Opis produktu", "content": "Gdy Twoje dziecko zaczyna być bardziej aktywne, potrzebujesz pieluszki, która nadąży za jego nowymi ruchami. Dzięki rewolucyjnemu systemowi Stop & Protect pieluchomajtki Pampers Active Baby zapewniają doskonałą ochronę przed przeciekaniem niezależnie od tego, w jakiej pozycji znajdzie się Twój maluch - w dzień i w nocy System Stop & Protect w pieluchomajtkach Pampers Active Baby obejmuje 2 razy szersze* osłonki wokół nogawek, które pomagają zapobiegać przeciekaniu przy nóżkach, kieszonkę zapobiegającą przeciekaniu z tyłu i elastyczną taśmę wokół talii, zapewniającą dopasowanie 360°, które dostosowuje się do wiercącego się maluszka, jak również superchłonny wkład, zapewniający do 12 godzin ochrony. Podobnie jak wszystkie nasze pieluchomajtki, Pampers Active Baby łatwo się zmienia, nawet gdy dziecko się wierci: wystarczy jeden ruch, aby je założyć. Żeby zdjąć pieluchomajtki, musisz tylko rozedrzeć ich boczki, a przed wyrzuceniem zwinąć je i zabezpieczyć je taśmą. Zarówno dla Ciebie, jak i dla marki Pampers dobro dziecka jest na pierwszym miejscu: Pieluchomajtki Pampers Active Baby zostały przetestowane dermatologicznie i zatwierdzone przez dermatologów z organizacji Skin Health Alliance. Chcesz dowiedzieć się więcej o komponentach i składnikach stosowanych przez Pampers? Odwiedź stronę pampers.pl. * w porównaniu z poprzednimi.Subrand:Pants"}, {"header": "Składniki i alergeny", "content": "Składniki:Petrolatum, Stearyl Alcohol, Paraffinum Liquidum, Aloe Barbadensis Leaf Extract"}, {"header": "Pozostałe informacje", "content": "Kraj pochodzenia:PolskaKraj pochodzenia zależy od konkretnej partii produktu jaka znajduje się w sklepie. Informację o kraju pochodzenia znajdziesz na opakowaniu. Możesz również dodać komentarz z preferowanym typem produktu w koszyku lub wiadomości dla shoppera (np. “prosze o pomidory polskie”).Producent:Procter & Gamble Service Gmbh, 65823 Schwalbach am TaunusNazwa wymagana prawnie:Pieluchomajtki Pampers Active Baby, rozmiar 4, pieluszki 30, 9kg-15kg"}], "images": ["data/images/a3fe3416dd82f7a2a9aefcbc4ab8421b.jpg"], "absolute_path": "Dla dzieci/Pieluchy/Produkt 7"}
{"name": "Produkt 9", "url": "https://zakupy.biedronka.pl/dada-extra-care-dada-extra-care-pieluchy-rozmiar-2-44-szt.-0000009535.html", "title": "Dada Extra Care Pieluchy rozmiar 2 44 szt.", "brand": "Dada Extra Care", "price": "21.49 PLN", "packaging_details": "44szt.- 0,49 zł / szt", "description_sections": [{"header": "Opis produktu", "content": "Jedyna pieluszka w Polsce stworzona we współpracy z Instytutem Matki i DzieckaPieluszki Dada Extra Care z technologią Climaflex® zostały stworzone z myślą o najwyższym komforcie Twojego Maluszka. Superchłonny wkład zapewnia niezawodną ochronę przed wilgocią i odprowadza ciepło na zewnątrz, by jak najlepiej zapobiegać powstawaniu podrażnień.Unikalny kształt kanalika chłonnego sprawia, że wilgoć jest szybko wiązana we wnętrzu, aby wspierać utrzymanie suchej skóry dziecka. Dzięki zastosowanej technologii pieluszka jest cieńsza i bardziej elastyczna, dzięki czemu Maluszek może cieszyć się pełną swobodą ruchu."}, {"header": "Pozostałe informacje", "content": "Kraj pochodzenia:Unia EuropejskaKraj pochodzenia zależy od konkretnej partii produktu jaka znajduje się w sklepie. Informację o kraju pochodzenia znajdziesz na opakowaniu. Możesz również dodać komentarz z preferowanym typem produktu w koszyku lub wiadomości dla shoppera (np. “prosze o pomidory polskie”).Producent:Jeronimo Martins Polska S.A.Dystrybutor:Jeronimo Martins Polska S.A.Żniwna 5 62-025 Kostrzyn PLJeronimo Martins Polska S.A.Żniwna 5 62-025 KostrzynImporter:Jeronimo Martins Polska S.A.Żniwna 5 62-025 Kostrzyn PLbok@biedronka.plNazwa wymagana prawnie:Pieluszki Dada Extra Care z technologią Climaflex"}], "images": ["data/images/288c13270a4982ee12235371e05bc4bf.jpg", "data/images/9665b2dd3fcc383c3a32704b5c07fccf.jpg", "data/images/84299c48cfc18098383eb091b717e500.jpg", "data/images/34e295ed891807db8f81b0d787217bce.jpg"], "absolute_path": "Dla dzieci/Pieluchy/Produkt 9"}
{"name": "Produkt 6", "url": "https://zakupy.biedronka.pl/pampers-pampers-active-baby-pieluchy-rozmiar-4-9-kg-14-kg-46-szt.-0000008050.html", "title": "Pampers Active Baby Pieluchy rozmiar 4 9 kg-14 kg 46 szt.", "brand": "Pampers", "price": "49.89 PLN", "packaging_details": "46szt.- 1,08 zł / szt", "description_sections": [{"header": "Opis produktu", "content": "Oto pieluszki Pampers Active Baby, stworzone specjalnie z myślą o zapewnieniu dziecku suchości i wygody, a także komfortowej ochrony i świeżej skóry w dzień i w nocy. Dzięki większym możliwościom w zakresie absorpcji pieluszki te szybko zatrzymują wilgoć, zapewniając Twojemu dziecku suchość przez długi czas. Dodatkowo kieszonka Stop & Protect zapobiega przeciekaniu z tyłu. Wykonane z najwyższej jakości materiałów pieluszki Active Baby otulają skórę Twojego dziecka miękkością. Dla Pampers bezpieczeństwo Twojego dziecka jest najwyższym priorytetem. Dlatego też pieluszki Pampers Active Baby zostały przetestowane dermatologicznie i zatwierdzone przez dermatologów z organizacji Skin Health Alliance. Koniec z przeciekaniem, czas na spokojnie przespane noce.  Chcesz wiedzieć więcej o komponentach naszych produktów? Odwiedź stronę pampers.plSubrand:Active Baby"}, {"header": "Składniki i alergeny", "content": "Składniki:Petrolatum, Stearyl Alcohol, Paraffinum Liquidum, Aloe Barbadensis Leaf Extract"}, {"header": "Pozostałe informacje", "content": "Kraj pochodzenia:PolskaKraj pochodzenia zależy od konkretnej partii produktu jaka znajduje się w sklepie. Informację o kraju pochodzenia znajdziesz na opakowaniu. Możesz również dodać komentarz z preferowanym typem produktu w koszyku lub wiadomości dla shoppera (np. “prosze o pomidory polskie”).Producent:Procter & Gamble Service Gmbh, 65823 Schwalbach am TaunusImporter:www.pg.comNazwa wymagana prawnie:Pampers Active Baby, rozmiar 4, 46 pieluszek, 9kg-14kg"}], "images": ["data/images/433107b7b6972eb332a5eff057ae2f37.jpg"], "absolute_path": "Dla dzieci/Pieluchy/Produkt 6"}
{"name": "Produkt 8", "url": "https://zakupy.biedronka.pl/dada-extra-care-dada-extra-care-pieluszki-dla-dzieci-rozmiar-5-36-szt.-0000019405.html", "title": "Dada Extra Care Pieluszki dla dzieci rozmiar 5 36 szt.", "brand": "Dada Extra Care", "price": "29.99 PLN", "packaging_details": "36szt.- 0,83 zł / szt", "description_sections": [{"header": "Opis produktu", "content": "Pieluszki Dada Extra Care z technologią Climaflex® zostały stworzone z myślą o najwyższym komforcie Twojego Maluszka. Superchłonny wkład zapewnia niezawodną ochronę przed wilgocią i odprowadza ciepło na zewnątrz by jak najlepiej zapobiegać powstawaniu podrażnień. Unikalny kształt kanalika chłonnego sprawia, że wilgoć jest szybko wiązana we wnętrzu, aby wspierać utrzymanie suchej skóry dziecka. Dzięki zastosowanej technologii pieluszka jest cieńsza i bardziej elastyczna, dzięki czemu Maluszek może cieszyć się pełną swobodą ruchu."}, {"header": "Pozostałe informacje", "content": "Kraj pochodzenia:PolskaKraj pochodzenia zależy od konkretnej partii produktu jaka znajduje się w sklepie. Informację o kraju pochodzenia znajdziesz na opakowaniu. Możesz również dodać komentarz z preferowanym typem produktu w koszyku lub wiadomości dla shoppera (np. “prosze o pomidory polskie”).Dystrybutor:Jeronimo Martins Polska S.A.Żniwna 5 62-025 Kostrzyn PLImporter:Jeronimo Martins Polska S.A.Żniwna 5 62-025 Kostrzyn PLNazwa wymagana prawnie:Pieluszki Dada Extra Care  z technologią Climaflex"}], "images": ["data/images/eb5c14cd9edaeda22b3736ed55886133.jpg", "data/images/3182a472930f39d1d96c0b199ff0dad2.jpg"], "absolute_path": "Dla dzieci/Pieluchy/Produkt 8"}
{"name": "Produkt 5", "url": "https://zakupy.biedronka.pl/dada-extra-care-dada-extra-care-pieluszki-dla-dzieci-rozmiar-4-42-szt.-0000019404.html", "title": "Dada Extra Care Pieluszki dla dzieci rozmiar 4 42 szt.", "brand": "Dada Extra Care", "price": "29.99 PLN", "packaging_details": "42szt.- 0,71 zł / szt", "description_sections": [{"header": "Opis produktu", "content": "Pieluszki Dada Extra Care z technologią Climaflex® zostały stworzone z myślą o najwyższym komforcie Twojego Maluszka. Superchłonny wkład zapewnia niezawodną ochronę przed wilgocią i odprowadza ciepło na zewnątrz by jak najlepiej zapobiegać powstawaniu podrażnień. Unikalny kształt kanalika chłonnego sprawia, że wilgoć jest szybko wiązana we wnętrzu, aby wspierać utrzymanie suchej skóry dziecka. Dzięki zastosowanej technologii pieluszka jest cieńsza i bardziej elastyczna, dzięki czemu Maluszek może cieszyć się pełną swobodą ruchu."}, {"header": "Pozostałe informacje", "content": "Kraj pochodzenia:Unia EuropejskaKraj pochodzenia zależy od konkretnej partii produktu jaka znajduje się w sklepie. Informację o kraju pochodzenia znajdziesz na opakowaniu. Możesz również dodać komentarz z preferowanym typem produktu w koszyku lub wiadomości dla shoppera (np. “prosze o pomidory polskie”).Dystrybutor:Jeronimo Martins Polska S.A.Żniwna 5 62-025 Kostrzyn PLImporter:Jeronimo Martins Polska S.A.Żniwna 5 62-025 Kostrzyn PLNazwa wymagana prawnie:Pieluszki Dada Extra Care  z technologią Climaflex"}], "images": ["data/images/023d545c78ce696aa53db42462f51029.jpg", "data/images/9704beb513ede1eded5abfe60b005d09.jpg"], "absolute_path": "Dla dzieci/Pieluchy/Produkt 5"}
{"name": "Produkt 12", "url": "https://zakupy.biedronka.pl/pampers-pampers-pieluchomajtki-active-baby-13kg-19kg-rozm.-6-25-szt.-0000008044.html", "title": "Pampers Pieluchomajtki Active Baby 13kg-19kg rozm. 6 25 szt.", "brand": "Pampers", "price": "48.89 PLN", "packaging_details": "25szt.- 1,96 zł / szt", "description_sections": [{"header": "Opis produktu", "content": "Gdy Twoje dziecko zaczyna być bardziej aktywne, potrzebujesz pieluszki, która nadąży za jego nowymi ruchami. Dzięki rewolucyjnemu systemowi Stop & Protect pieluchomajtki Pampers Active Baby zapewniają doskonałą ochronę przed przeciekaniem niezależnie od tego, w jakiej pozycji znajdzie się Twój maluch - w dzień i w nocy System Stop & Protect w pieluchomajtkach Pampers Active Baby obejmuje 2 razy szersze* osłonki wokół nogawek, które pomagają zapobiegać przeciekaniu przy nóżkach, kieszonkę zapobiegającą przeciekaniu z tyłu i elastyczną taśmę wokół talii, zapewniającą dopasowanie 360°, które dostosowuje się do wiercącego się maluszka, jak również superchłonny wkład, zapewniający do 12 godzin ochrony. Podobnie jak wszystkie nasze pieluchomajtki, Pampers Active Baby łatwo się zmienia, nawet gdy dziecko się wierci: wystarczy jeden ruch, aby je założyć. Żeby zdjąć pieluchomajtki, musisz tylko rozedrzeć ich boczki, a przed wyrzuceniem zwinąć je i zabezpieczyć je taśmą. Zarówno dla Ciebie, jak i dla marki Pampers dobro dziecka jest na pierwszym miejscu: Pieluchomajtki Pampers Active Baby zostały przetestowane dermatologicznie i zatwierdzone przez dermatologów z organizacji Skin Health Alliance. Chcesz dowiedzieć się więcej o komponentach i składnikach stosowanych przez Pampers? Odwiedź stronę pampers.pl. * w porównaniu z poprzednimi.Subrand:Pants"}, {"header": "Składniki i alergeny", "content": "Składniki:Petrolatum, Stearyl Alcohol, Paraffinum Liquidum, Aloe Barbadensis Leaf Extract"}, {"header": "Pozostałe informacje", "content": "Kraj pochodzenia:PolskaKraj pochodzenia zależy od konkretnej partii produktu jaka znajduje się w sklepie. Informację o kraju pochodzenia znajdziesz na opakowaniu. Możesz również dodać komentarz z preferowanym typem produktu w koszyku lub wiadomości dla shoppera (np. “prosze o pomidory polskie”).Producent:Procter & Gamble Service Gmbh, 65823 Schwalbach am TaunusNazwa wymagana prawnie:Pieluchomajtki Pampers Active Baby, rozmiar 6, pieluszki 25, 13kg-19kg"}], "images": ["data/images/790f8773e5fd9c89628f25073f842fa9.jpg"], "absolute_path": "Dla dzieci/Pieluchy/Produkt 12"}
{"name": "Produkt 11", "url": "https://zakupy.biedronka.pl/pampers-pampers-active-baby-pieluchy-rozmiar-3-6-kg-10-kg-54-szt.-0000008047.html", "title": "Pampers Active Baby pieluchy rozmiar 3 6 kg-10 kg 54 szt.", "brand": "Pampers", "price": "49.89 PLN", "packaging_details": "54szt.- 0,92 zł / szt", "description_sections": [{"header": "Opis produktu", "content": "Oto pieluszki Pampers Active Baby, stworzone specjalnie z myślą o zapewnieniu dziecku suchości i wygody, a także komfortowej ochrony i świeżej skóry w dzień i w nocy. Dzięki większym możliwościom w zakresie absorpcji pieluszki te szybko zatrzymują wilgoć, zapewniając Twojemu dziecku suchość przez długi czas. Dodatkowo kieszonka Stop & Protect zapobiega przeciekaniu z tyłu. Wykonane z najwyższej jakości materiałów pieluszki Active Baby otulają skórę Twojego dziecka miękkością. Dla Pampers bezpieczeństwo Twojego dziecka jest najwyższym priorytetem. Dlatego też pieluszki Pampers Active Baby zostały przetestowane dermatologicznie i zatwierdzone przez dermatologów z organizacji Skin Health Alliance. Koniec z przeciekaniem, czas na spokojnie przespane noce.  Chcesz wiedzieć więcej o komponentach naszych produktów? Odwiedź stronę pampers.plSubrand:Active Baby"}, {"header": "Składniki i alergeny", "content": "Składniki:Petrolatum, Stearyl Alcohol, Paraffinum Liquidum, Aloe Barbadensis Leaf Extract"}, {"header": "Pozostałe informacje", "content": "Kraj pochodzenia:PolskaKraj pochodzenia zależy od konkretnej partii produktu jaka znajduje się w sklepie. Informację o kraju pochodzenia znajdziesz na opakowaniu. Możesz również dodać komentarz z preferowanym typem produktu w koszyku lub wiadomości dla shoppera (np. “prosze o pomidory polskie”).Producent:Procter & Gamble Service Gmbh, 65823 Schwalbach am TaunusNazwa wymagana prawnie:Pampers Active Baby, rozmiar 3, 54 pieluszek, 6kg-10kg"}], "images": ["data/images/2c537954ebd0e57fc1fbc673e8c7bac2.jpg"], "absolute_path": "Dla dzieci/Pieluchy/Produkt 11"}
{"name": "Produkt 14", "url": "https://zakupy.biedronka.pl/pampers-pampers-active-baby-pieluchy-rozmiar-6-13-kg-18-kg-32-szt.-0000008046.html", "title": "Pampers Active Baby Pieluchy rozmiar 6 13 kg-18 kg 32 szt.", "brand": "Pampers", "price": "49.89 PLN", "packaging_details": "32szt.- 1,56 zł / szt", "description_sections": [{"header": "Opis produktu", "content": "Oto pieluszki Pampers Active Baby, stworzone specjalnie z myślą o zapewnieniu dziecku suchości i wygody, a także komfortowej ochrony i świeżej skóry w dzień i w nocy. Dzięki większym możliwościom w zakresie absorpcji pieluszki te szybko zatrzymują wilgoć, zapewniając Twojemu dziecku suchość przez długi czas. Dodatkowo kieszonka Stop & Protect zapobiega przeciekaniu z tyłu. Wykonane z najwyższej jakości materiałów pieluszki Active Baby otulają skórę Twojego dziecka miękkością. Dla Pampers bezpieczeństwo Twojego dziecka jest najwyższym priorytetem. Dlatego też pieluszki Pampers Active Baby zostały przetestowane dermatologicznie i zatwierdzone przez dermatologów z organizacji Skin Health Alliance. Koniec z przeciekaniem, czas na spokojnie przespane noce.  Chcesz wiedzieć więcej o komponentach naszych produktów? Odwiedź stronę pampers.plSubrand:Active Baby"}, {"header": "Składniki i alergeny", "content": "Składniki:Petrolatum, Stearyl Alcohol, Paraffinum Liquidum, Aloe Barbadensis Leaf Extract"}, {"header": "Pozostałe informacje", "content": "Kraj pochodzenia:PolskaKraj pochodzenia zależy od konkretnej partii produktu jaka znajduje się w sklepie. Informację o kraju pochodzenia znajdziesz na opakowaniu. Możesz również dodać komentarz z preferowanym typem produktu w koszyku lub wiadomości dla shoppera (np. “prosze o pomidory polskie”).Producent:Procter & Gamble Service Gmbh, 65823 Schwalbach am TaunusNazwa wymagana prawnie:Pampers Active Baby, rozmiar 6, 32 pieluszek, 13kg-18kg"}], "images": ["data/images/5fec37b7f831424f2607f843e0866183.jpg"], "absolute_path": "Dla dzieci/Pieluchy/Produkt 14"}
{"name": "Produkt 10", "url": "https://zakupy.biedronka.pl/pampers-pampers-pieluszki-active-baby-11-16-kg-rozmiar-5-38-szt.-0000008043.html", "title": "Pampers Pieluszki Active Baby 11-16 kg rozmiar 5 38 szt.", "brand": "Pampers", "price": "49.89 PLN", "packaging_details": "38szt.- 1,31 zł / szt", "description_sections": [{"header": "Opis produktu", "content": "Oto pieluszki Pampers Active Baby, stworzone specjalnie z myślą o zapewnieniu dziecku suchości i wygody, a także komfortowej ochrony i świeżej skóry w dzień i w nocy. Dzięki większym możliwościom w zakresie absorpcji pieluszki te szybko zatrzymują wilgoć, zapewniając Twojemu dziecku suchość przez długi czas. Dodatkowo kieszonka Stop & Protect zapobiega przeciekaniu z tyłu. Wykonane z najwyższej jakości materiałów pieluszki Active Baby otulają skórę Twojego dziecka miękkością. Dla Pampers bezpieczeństwo Twojego dziecka jest najwyższym priorytetem. Dlatego też pieluszki Pampers Active Baby zostały przetestowane dermatologicznie i zatwierdzone przez dermatologów z organizacji Skin Health Alliance. Koniec z przeciekaniem, czas na spokojnie przespane noce.  Chcesz wiedzieć więcej o komponentach naszych produktów? Odwiedź stronę pampers.plSubrand:Active Baby"}, {"header": "Składniki i alergeny", "content": "Składniki:Petrolatum, Stearyl Alcohol, Paraffinum Liquidum, Aloe Barbadensis Leaf Extract"}, {"header": "Pozostałe informacje", "content": "Kraj pochodzenia:PolskaKraj pochodzenia zależy od konkretnej partii produktu jaka znajduje się w sklepie. Informację o kraju pochodzenia znajdziesz na opakowaniu. Możesz również dodać komentarz z preferowanym typem produktu w koszyku lub wiadomości dla shoppera (np. “prosze o pomidory polskie”).Producent:Procter & Gamble Service Gmbh, 65823 Schwalbach am TaunusNazwa wymagana prawnie:Pampers Active Baby, rozmiar 5, 38 pieluszek, 11kg-16kg"}], "images": ["data/images/552fe38b311e597b672f6ab36a0fd984.jpg"], "absolute_path": "Dla dzieci/Pieluchy/Produkt 10"}
{"name": "Produkt 13", "url": "https://zakupy.biedronka.pl/dada-extra-care-dada-extra-care-pieluszki-dla-dzieci-rozmiar-3-50-szt.-0000019403.html", "title": "Dada Extra Care Pieluszki dla dzieci rozmiar 3 50 szt.", "brand": "Dada Extra Care", "price": "29.99 PLN", "packaging_details": "50szt.- 0,60 zł / szt", "description_sections": [{"header": "Opis produktu", "content": "Jedyna pieluszka w Polsce stworzona we współpracy z Instytutem Matki i DzieckaPieluszki Dada Extra Care z technologią Climaflex® zostały stworzone z myślą o najwyższym komforcie Twojego Maluszka. Superchłonny wkład zapewnia niezawodną ochronę przed wilgocią i odprowadza ciepło na zewnątrz, by jak najlepiej zapobiegać powstawaniu podrażnień.Unikalny kształt kanalika chłonnego sprawia, że wilgoć jest szybko wiązana we wnętrzu, aby wspierać utrzymanie suchej skóry dziecka. Dzięki zastosowanej technologii pieluszka jest cieńsza i bardziej elastyczna, dzięki czemu Maluszek może cieszyć się pełną swobodą ruchu."}, {"header": "Pozostałe informacje", "content": "Kraj pochodzenia:Unia EuropejskaKraj pochodzenia zależy od konkretnej partii produktu jaka znajduje się w sklepie. Informację o kraju pochodzenia znajdziesz na opakowaniu. Możesz również dodać komentarz z preferowanym typem produktu w koszyku lub wiadomości dla shoppera (np. “prosze o pomidory polskie”).Dystrybutor:Jeronimo Martins Polska S.A.Żniwna 5 62-025 Kostrzyn PLImporter:Jeronimo Martins Polska S.A.Żniwna 5 62-025 Kostrzyn PLNazwa wymagana prawnie:Pieluszki Dada Extra Care z technologią Climaflex"}], "images": ["data/images/9c019a55638bd2dac0026b7cbb4076c4.jpg", "data/images/a57f0cd30426609e12a8ba2216bcf1be.jpg"], "absolute_path": "Dla dzieci/Pieluchy/Produkt 13"}
{"name": "Produkt 15", "url": "https://zakupy.biedronka.pl/pampers-pampers-pieluchy-premium-care-s2-46-szt.-0000014705.html", "title": "Pampers Pieluchy Premium Care S2 46 szt.", "brand": "Pampers", "price": "44.99 PLN", "packaging_details": "46szt.- 0,98 zł / szt", "description_sections": [{"header": "Opis produktu", "content": "Najlepszy komfort i ochrona wrażliwej skóry dziecka od Pampers. Zbyt długi kontakt z moczem i zawartością pieluszki może wpłynąć na stan wrażliwej skóry Twojego dziecka, powodując uczucie dyskomfortu lub niepokój.bPieluszki Pampers Premium Care zostały specjalnie zaprojektowane, aby zapewnić wyjątkową miękkość i najdelikatniejszą ochronę od Pampers dzięki: 1) Wyjątkowej warstwie DERMACOMFORT z chłonnymi kanalikami, które natychmiast odprowadzają wilgoć i zawartość pieluszki z dala od skóry dziecka i zatrzymują je wewnątrz pieluszki. Dzięki temu delikatna skóra Twojego dziecka pozostaje sucha i chroniona. 2) Wyselekcjonowanym, miękkim niczym puch materiałom dla najdelikatniejszej skóry dziecka. 3) Wyjątkowemu systemowi potrójnej ochrony, który szybko wchłania wilgoć i pomaga zapobiegać przeciekaniu w okolicy talii i przy nóżkach. Pieluszki Pampers Premium Care, rekomendowane przez Polskie Towarzystwo Pediatryczne, są w 100% bezpieczne dla skóry Twojego dziecka: są testowane dermatologicznie i nie zawierają alergenów zapachowych EU26."}, {"header": "Pozostałe informacje", "content": "Kraj pochodzenia:PolskaKraj pochodzenia zależy od konkretnej partii produktu jaka znajduje się w sklepie. Informację o kraju pochodzenia znajdziesz na opakowaniu. Możesz również dodać komentarz z preferowanym typem produktu w koszyku lub wiadomości dla shoppera (np. “prosze o pomidory polskie”).Producent:Procter & Gamble Service Gmbh, 65823 Schwalbach am TaunusImporter:Procter&GambleZabraniecka 20 03-872 Warszawa PLpg@pg.comNazwa wymagana prawnie:Pampers Pieluchy Premium Care  S2 46 szt."}], "images": ["data/images/02ca88cb49463ee924475985ec961ed6.jpg"], "absolute_path": "Dla dzieci/Pieluchy/Produkt 15"}
{"name": "Produkt 3", "url": "https://zakupy.biedronka.pl/perfect-fit-perfect-fit-adult-1plus-karma-dla-doroslych-kotow-750-g-0000014747.html", "title": "Perfect Fit Adult 1+ Karma dla dorosłych kotów 750 g", "brand": "Perfect Fit", "price": "17.99 PLN", "packaging_details": "0.75kg- 23,99 zł / kg", "description_sections": [{"header": "Opis produktu", "content": "Sucha karma pełnoporcjowa dla dorosłych kotów.Każda z naszych pysznych receptur Perfect Fit zawiera unikalną formułę, która wspiera zdrowie całego organizmu Twojego kota oraz zapewnia mu dodatkowe korzyści zdrowotne, które są specjalnie dopasowane do jego wieku i stylu życia.Adult 1+Witalność i ZwinnośćKompletne i zbilansowane pożywienie dla utrzymania witalności Twojego kota, uzupełnione o witaminy z grupy B i żelazo dla utrzymania zwinności Twojego kota.Silne MięśnieZ wyselekcjonowanymi białkami dla rozwoju silnych mięśni.Zdrowe Dziąsła i ZębyChrupiąca tekstura, która pomaga czyścić zęby, co korzystnie wpływa na dziąsła.total 5Wsparcie Naturalnych Mechanizmów ObronnychZ dodatkiem tauryny, witaminy E oraz witaminy C, które wspomagają naturalne mechanizmy obronne.Zdrowie Układu MoczowegoZe zbilansowanym poziomem minerałów, aby wspierać Zdrowie Dolnych Dróg Moczowych.Zdrowe TrawienieWyprodukowany z wysokiej jakości białek i drożdży, naturalnego źródła prebiotyków, aby wspierać zdrowe trawienie.Kontrola Optymalnej Masy i Kondycji CiałaZ dostosowaną ilością białka i poziomem energii, aby wspierać utrzymanie optymalnej masy i kondycji ciała.Zdrowa Skóra i SierśćZawiera cynk, który wspomaga zdrową skórę i sierść."}, {"header": "Składniki i alergeny", "content": "Składniki:mięso i produkty pochodzenia zwierzęcego,pszenica,kukurydza,rybyi produktyrybne(w tym świeżyłosoś14 %),roślinne ekstrakty białkowe,oleje i tłuszcze,produkty pochodzenia roślinnego,substancje mineralne,drożdże (w tym naturalne drożdże browarnicze 0,2 %)"}, {"header": "Przechowywanie i sposób przygotowania", "content": "Sposób podania:Zalecana dzienna ilość karmyKarmy suchej3 kg  / 45 - 50 g4 kg  / 55 - 60 g5 kg / 65 - 75 g20 g karmy suchej można zastąpić 1 saszetką 85 g karmy mokrej Perfect FitSposób karmienia: Należy uwzględnić kalorie pochodzące z przysmaków. Ilości karmy są podane wyłącznie jako wskazówki. Należy dostosować ilość karmy do wieku, rozmiaru i poziomu aktywności kota. Podzielić na porcje do podania w ciągu dnia. Przy zmianie diety należy wprowadzać karmę stopniowo. Aby uzyskać więcej informacji, odwiedź naszą stronę internetową. Zapewnij świeżą wodę do picia."}, {"header": "Pozostałe informacje", "content": "Producent:Mars Polska sp. z o.o.,\nKożuszki Parcel 42,\n96-500 Sochaczew\n0-801 10 63 63,\nwww.perfect-fit.plDystrybutor:Mars Polska sp. z o.o.Kożuszki Parcel 42 96-500  SochaczewNazwa wymagana prawnie:Perfect Fit Adult 1+ Karma dla dorosłych kotów 750 g"}], "images": ["data/images/1a49917d7a4d0c3fef8640f1c7c6685b.jpg"], "absolute_path": "Dla zwierząt/Dla kota/Karmy suche/Produkt 3"}
{"name": "Produkt 1", "url": "https://zakupy.biedronka.pl/purina-one-purina-one-bifensis-adult-karma-dla-doroslych-kotow-bogata-w-kurczaka-15-kg-0000003675.html", "title": "Purina One Bifensis Adult Karma dla dorosłych kotów bogata w kurczaka 1,5 kg", "brand": "Purina One", "price": "39.99 PLN", "packaging_details": "1.5kg- 26,66 zł / kg", "description_sections": [{"header": "Opis produktu", "content": "Pełnoporcjowa karma dla dorosłych kotów.Widoczne zdrowie dziś i jutroPURINA ONE Adult jest zaprojektowana dla kotów od 1. roku życia wzwyżZrównoważony mikrobiom jest niezbędny dla dobrego zdrowia Twojego kota. Ma bezpośredni wpływ na jego układ odpornościowy. Mikrobiom to ekosystem zawierający tryliony mikroorganizmów, które żyją w jelitach i są unikalne dla każdego kota. Równowaga mikroorganizmów jest ważna aby wywierać pozytywny wpływ na zdrowie układu trawiennego, układ odpornościowy i ogólny dobrostan Twojego kota.PURINA ONE Bifensis to formuła żywieniowa zawierająca korzystne bakterie funkcjonalne: Lactobacillus, które, jak udowodniono naukowo, wzmacniają od wewnątrz układ odpornościowy Twojego kota i pomagają chronić zdrowy mikrobiom jelit.Pomaga chronić mikrobiom jelitUdowodnione działanie ograniczające odkładanie się kamienia nazębnego aż do 40%******badania PurinaWspiera witalność Twojego kota dzięki wszystkim potrzebnym witaminom i minerałomUdowodnione naukowo działanie wzmacniające układ odpornościowy dzięki lactobacillus - specjalnym bakteriom funkcjonalnymPoprawia równowagę mikrobiomu jelit dzięki cykorii - prebiotykowiKurczak jako składnik nr 1 - dobre źródło białka i aminokwasów aby pomóc w budowie i utrzymaniu silnych mięśniPomaga utrzymać zdrową skórę i sierść dzięki kwasom tłuszczowym omega 3 i 6 oraz niezbędnym witaminom i minerałomBez dodatku barwnikówZaprojektowana przez lekarzy weterynarii i dietetyków PurinaSubrand:Bifensis"}, {"header": "Składniki i alergeny", "content": "Składniki:kurczak (17 %) (w tym kości, mięso, skóra),suszone białko drobiowe,pszenica(16%),kukurydza,mączka sojowa,glutenpszenny,tłuszcze zwierzęce,mączka białkowa z kukurydzy,suszony korzeń cykorii (2 %),grys kukurydziany,minerały,digest (z dodatkiem Lactobacillus Delbrueckii i Fermentum w proszku, poddanych obróbce cieplnej: 0.025 %),drożdże"}, {"header": "Przechowywanie i sposób przygotowania", "content": "Sposób podania:Zalecenia żywieniowe: Odkryj również wysokiej jakości karmę PURINA ONE w postaci produktów mokrych z szeroką gamą pysznych receptur, specjalnie dostosowanych do potrzeb Twojego kota. Zalecane dzienne ilości karmy powinny zostać dostosowane do warunków pogodowych, poziomu aktywności kota i jego kondycji fizycznej. Zapewnij kotu stały dostęp do czystej, świeżej wody do picia.Zalecana dzienna ilość (g/dzień)Masa ciała kota 2-4 kg / Ilość 30 - 60 gMasa ciała kota 4-6 kg / Ilość 60 - 85 gMasa ciała kota 6-8 kg / Ilość 85 - 115 g"}, {"header": "Pozostałe informacje", "content": "Producent:Nestlé Polska S.A.,\nul. Domaniewska 32,\n02-672 Warszawa\nInfolinia: 801 315 005\ncs@pl.nestle.com\nwww.purina.plNazwa wymagana prawnie:PURINA ONE Bifensis Adult Karma dla dorosłych kotów bogata w kurczaka 1,5 kg"}], "images": ["data/images/c97e0641bcad1fa47e4e7bf402886850.jpg"], "absolute_path": "Dla zwierząt/Dla kota/Karmy suche/Produkt 1"}
{"name": "Produkt 2", "url": "https://zakupy.biedronka.pl/whiskas-whiskas-sucha-karma-dla-doroslych-kotow-z-pyszna-wolowina-19-kg-0000803669.html", "title": "Whiskas Sucha karma dla dorosłych kotów z pyszną wołowiną 1,9 kg", "brand": "Whiskas", "price": "28.69 PLN", "packaging_details": "1.9kg- 15,10 zł / kg", "description_sections": [{"header": "Opis produktu", "content": "Sucha karma pełnoporcjowa dla dorosłych kotów.Nasze smaczne granulki są starannie przygotowywane, aby dać Twojemu kociemu przyjacielowi wszystko, czego potrzebuje do mruczenia. Każda z naszych pysznych receptur jest przygotowana z wysokiej jakości składników pochodzących wyłącznie od zaufanych dostawców i zapewnia Twojemu kotu perfekcyjnie zbilansowaną dawkę witamin i minerałów, dzięki czemu jest on szczęśliwy, zdrowy i chętnie przybiega do miski za każdym razem w porze karmienia.Zbilansowany poziom minerałów, aby wspierać zdrowie dolnego odcinka układu moczowegoZ witaminą A, niezbędną dla ostrego i prawidłowego widzeniaZ cynkiem, niezbędnym dla zdrowej skóry i sierściz wysokiej jakości białkiemz pyszną marchewkąz delikatnym i pysznym nadzieniemz pysznym groszkiem"}, {"header": "Składniki i alergeny", "content": "Składniki:zboża,mięso i produkty pochodzenia zwierzęcego (w tym 4 % wołowiny w brązowych granulkach*),oleje i tłuszcze,produkty pochodzenia roślinnego,substancje mineralne,roślinne ekstrakty białkowe,cukry,warzywa (w tym 0.5 % suszonej marchewki (co odpowiada 4 % marchewki) w pomarańczowych granulkach i 1 % suszonego groszku (co odpowiada 4 % groszku) w zielonych granulkach*),drożdże,*Brązowe granulki stanowią zwykle 70 % produktu, pomarańczowe granulki i zielone granulki stanowią zwykle po 8 % produktu każda"}, {"header": "Przechowywanie i sposób przygotowania", "content": "Sposób podania:15 g karmy suchej można zastąpić 1 saszetką 85 g karmy mokrej Whiskas.  Sposób karmienia: Należy uwzględnić kalorie pochodzące z przysmaków. Ilości karmy są podane wyłącznie jako wskazówki. Należy dostosować ilość karmy do wieku, rozmiaru i poziomu aktywności kota. Podzielić na porcje do podania w ciągu dnia. Przy zmianie diety należy wprowadzać karmę stopniowo. Aby uzyskać więcej informacji, odwiedź naszą stronę internetową. Zapewnij świeżą wodę do picia."}, {"header": "Pozostałe informacje", "content": "Dystrybutor:Jeronimo Martins Polska S.A.Żniwna 5 62-025 Kostrzyn PLImporter:Jeronimo Martins Polska S.A.Żniwna 5 62-025 Kostrzyn PLNazwa wymagana prawnie:Whiskas Sucha karma dla dorosłych kotów z pyszną wołowiną 1,9 kg"}], "images": ["data/images/af7f610533a733511f766ecc26bbcd2a.jpg", "data/images/5fef870bd54994fded879dd4c495650c.jpg"], "absolute_path": "Dla zwierząt/Dla kota/Karmy suche/Produkt 2"}
{"name": "Produkt 4", "url": "https://zakupy.biedronka.pl/whiskas-whiskas-junior-sucha-karma-dla-kociat-z-pysznym-kurczakiem-800-g-0000022916.html", "title": "Whiskas Junior Sucha karma dla kociąt z pysznym kurczakiem 800 g", "brand": "Whiskas", "price": "12.99 PLN", "packaging_details": "0.8kg- 16,24 zł / kg", "description_sections": [{"header": "Opis produktu", "content": "Sucha karma pełnoporcjowa dla kociąt.Nasze smaczne granulki są starannie przygotowywane, aby dać Twojemu kocięciu wszystkie składniki odżywcze, których potrzebuje, gdy dorasta i odkrywa nowy świat. Każda z naszych pysznych receptur jest przygotowana z wysokiej jakości składników pochodzących wyłącznie od zaufanych dostawców i zapewnia perfekcyjnie zbilansowaną dawkę witamin i minerałów, dzięki czemu Twoje kocię jest szczęśliwe, zdrowe i chętnie przybiega do miski za każdym razem w porze karmienia.Z wapniem, aby wspierać zdrowy rozwój kości i zębówLekkostrawny kurczak dla wsparcia układu pokarmowegoZ witaminą E i tauryną, aby wspierać naturalne mechanizmy obronneZ wysokiej jakości białkiemZ pyszną marchewkąZ mlekiem w delikatnym i pysznym nadzieniuZ pysznym groszkiemWyprodukowano w fabrykach, które pozyskują odnawialną energię elektrycznąOpracowane przy udziale naszych specjalistów ds. żywienia i lekarzy weterynarii z Instytutu Nauki o Zwierzętach Walthamwww.waltham.com389 kcal 100 g"}, {"header": "Składniki i alergeny", "content": "Składniki:zboża,mięso i produkty pochodzenia zwierzęcego (w tym 4 % kurczaka w brązowych granulkach*),produkty pochodzenia roślinnego,oleje i tłuszcze,substancje mineralne,roślinne ekstrakty białkowe,cukry,warzywa (w tym 0.5 % suszonej marchewki (co odpowiada 4 % marchewki) w pomarańczowych granulkach i 1 % suszonego groszku (co odpowiada 4 % groszku) w zielonych granulkach*),mlekoi produktymleczne(w tym 0.7 % odtłuszczonegomlekaw proszku w krokieciku z nadzieniem, co odpowiada 4 % odtłuszczonegomleka*),drożdże,*Brązowe granulki stanowią zwykle 70% produktu, krokieciki z nadzieniem stanowią zwykle 14 % produktu, a zarówno pomarańczowe, jak i zielone granulki stanowią zwykle po 8 % produktu"}, {"header": "Przechowywanie i sposób przygotowania", "content": "Sposób podania:Sposób karmienia: Należy uwzględnić kalorie pochodzące z przysmaków. Ilości karmy są podane wyłącznie jako wskazówki. Należy dostosować ilość karmy do wieku, rozmiaru i poziomu aktywności kocięcia. Podzielić na porcje do podania w ciągu dnia. Przy zmianie diety należy wprowadzać karmę stopniowo. Aby uzyskać więcej informacji, odwiedź naszą stronę internetową. Zapewnij świeżą wodę do picia."}, {"header": "Pozostałe informacje", "content": "Nazwa wymagana prawnie:Whiskas Junior Sucha karma dla kociąt z pysznym kurczakiem 800 g"}], "images": ["data/images/e5c6bde6259d331663355e42200f8d0e.jpg"], "absolute_path": "Dla zwierząt/Dla kota/Karmy suche/Produkt 4"}
{"name": "Produkt 6", "url": "https://zakupy.biedronka.pl/purina-one-purina-one-bifensis-indoor-formula-karma-dla-doroslych-kotow-bogata-w-indyka-15-kg-0000010294.html", "title": "Purina One Bifensis Indoor Formula Karma dla dorosłych kotów bogata w indyka 1,5 kg", "brand": "Purina One", "price": "39.99 PLN", "packaging_details": "1.5kg- 26,66 zł / kg", "description_sections": [{"header": "Opis produktu", "content": "Pełnoporcjowa karma dla dorosłych kotów.Widoczne zdrowie dziś i jutroPURINA ONE Indoor Formula została zaprojektowana z myślą o kotach przebywających głównie w domu i może być wykorzystana do redukcji tworzenia się kul włosowych.Zrównoważony mikrobiom jelit jest niezbędny dla zdrowia Twojego kota. Ma bezpośredni wpływ na jego układ odpornościowy. Mikrobiom to ekosystem zawierający tryliony mikroorganizmów, które żyją w jelitach i są unikalne dla każdego kota. Równowaga mikroorganizmów jest ważna aby wywierać pozytywny wpływ na zdrowie układu trawiennego, układ odpornościowy i ogólny dobrostan Twojego kota.Purina One Bifensis to formuła żywieniowa zawierająca korzystne bakterie funkcjonalne: Lactobacillus, które, jak udowodniono naukowo, wzmacniają od wewnątrz układ odpornościowy Twojego kota i pomagają chronić zdrowy mikrobiom jelit.Pomaga chronić mikrobiom jelitZ włóknem, o udowodnionej skuteczności w usuwaniu dwukrotnie większej ilości sierści z przewodu pokarmowego w ciągu zaledwie 14 dni***Zawiera cykorię, naturalny skladnik, aby poprawić równowagę mikrobiomu jelitowego i ograniczyć nieprzyjemny zapach z kuwetySzczupła i zdrowa sylwetka dzięki dostosowanej proporcji białka do tłuszczuUdowodnione naukowo działanie wzmacniające układ odpornościowy dzięki lactobacillus - specjalnym bakteriom funkcjonalnymIndyk jako składnik nr 1 - dobre źródło białka i aminokwasów aby pomóc w budowie i utrzymaniu silnych mięśniPomaga utrzymać zdrową skórę i sierść dzięki kwasom tłuszczowym omega 3 i 6 oraz niezbędnym witaminom i minerałomPomaga utrzymać mocne i zdrowe kości dzięki minerałom i witaminie DBez dodatku barwnikówZaprojektowana przez lekarzy weterynarii i dietetyków Purina***Badania PurinaSubrand:One"}, {"header": "Składniki i alergeny", "content": "Składniki:indyk (17 %) (w tym kości, mięso, skóra),pszenica(16 %),suszone białko drobiowe,kukurydza,mączka sojowa,glutenpszenny,mączka białkowa z kukurydzy,tłuszcze zwierzęce,suszona pulpa buraczana,suszone włókno roślinne,suszony korzeń cykorii (2 %),minerały,digest (z dodatkiem Lactobacillus Delbrueckii i Fermentum w proszku, poddanych obróbce cieplnej: 0,025 %),drożdże"}, {"header": "Przechowywanie i sposób przygotowania", "content": "Sposób podania:Zalecenia żywieniowe: odkryj również wysokiej jakości karmę Purina One w postaci produktów mokrych z szeroką gamą pysznych receptur, specjalnie dostosowanych do potrzeb Twojego kota. Zalecane dzienne ilości karmy powinny zostać dostosowane do warunków pogodowych, poziomu aktywności kota i jego kondycji fizycznej. Zapewnij kotu stały dostęp do czystej, świeżej wody do picia.Zlecana dzienna ilość (g/dzień)Masa ciała kota 2-4 kg / Ilość 25 - 55 gMasa ciała kota 4-6 kg / Ilość 55 - 80 gMasa ciała kota 6-8 kg / Ilość 80 - 110 g"}, {"header": "Pozostałe informacje", "content": "Producent:Nestlé Polska S.A.,\nul. Domaniewska 32,\n02-672 Warszawa\nInfolinia: 801 315 005\ncs@pl.nestle.com\nwww.purina.plDystrybutor:Nestle Polska S.ADomaniewska 32 02-672 Warszawacs@pl.nestle.comNazwa wymagana prawnie:Purina One Bifensis Indoor Formula Karma dla dorosłych kotów bogata w indyka 1,5 kg"}], "images": ["data/images/3ea67bb066db1c8c65dccab5664d3581.jpg"], "absolute_path": "Dla zwierząt/Dla kota/Karmy suche/Produkt 6"}
{"name": "Produkt 9", "url": "https://zakupy.biedronka.pl/perfect-fit-perfect-fit-junior-%3C1-karma-dla-kociat-750-g-0000014558.html", "title": "Perfect Fit Junior <1 Karma dla kociąt 750 g", "brand": "Perfect Fit", "price": "21.99 PLN", "packaging_details": "0.75kg- 29,32 zł / kg", "description_sections": [{"header": "Opis produktu", "content": "Sucha karma pełnoporcjowa dla kociąt.Każda z naszych pysznych receptur Perfect Fit zawiera unikalną formułę, która wspiera zdrowie całego organizmu Twojego kota oraz zapewnia mu dodatkowe korzyści zdrowotne, które są specjalnie dopasowane do jego wieku i stylu życia.Junior <1Zdrowy wzrostBogaty w wysokiej jakości białko dla zdrowego wzrostu kociąt.Rozwój wzroku i mózguWspomaga rozwój wzroku i mózgu dzięki DHA z naturalnych źródeł, obecnemu także w mleku matki.Zdrowy rozwój kościZbilansowany poziom wapnia i fosforu dla silnych kości.Total 5Wsparcie naturalnych mechanizmów obronnychZ dodatkiem tauryny, witaminy E oraz witaminy C, które wspomagają naturalne mechanizmy obronne.Zdrowie układu moczowegoZe zbilansowanym poziomem minerałów, aby wspierać zdrowie dolnych dróg moczowych.Zdrowe trawienieWyprodukowany z wysokiej jakości białek i drożdży, naturalnego źródła prebiotyków, aby wspierać zdrowe trawienie.Kontrola Optymalnej masy i kondycji ciałaZ dostosowaną ilością białka i poziomem energii, aby wspierać utrzymanie optymalnej masy i kondycji ciała.Zdrowa skóra i sierśćZawiera cynk, który wspomaga zdrową skórę i sierść."}, {"header": "Składniki i alergeny", "content": "Składniki:mięso i produkty pochodzenia zwierzęcego (w tym kurczak 14 %),pszenica,kukurydza,roślinne ekstrakty białkowe,oleje i tłuszcze (w tym olej zryb0,25 %*),produkty pochodzenia roślinnego,substancje mineralne,drożdże (w tym naturalne drożdże browarnicze 0,2 %),*Naturalne źródło DHA"}, {"header": "Przechowywanie i sposób przygotowania", "content": "Sposób podania:Zalecana dzienna ilość karmy≤3 Miesiące / 45-55 g4-5 Miesięcy / 65-70 g6-12 Miesięcy / 70-80 g20 g karmy suchej można zastąpić 1 saszetką 85 g karmy mokrej Perfect Fit.Sposób karmienia: Należy uwzględnić kalorie pochodzące z przysmaków. Ilości karmy są podane wyłącznie jako wskazówki. Należy dostosować ilość karmy do wieku, rozmiaru i poziomu aktywności kocięcia. Podzielić na porcje do podania w ciągu dnia. Przy zmianie diety należy wprowadzać karmę stopniowo. Aby uzyskać więcej informacji, odwiedź nasza stronę internetową. Zapewnij świeżą wodę do picia."}, {"header": "Pozostałe informacje", "content": "Producent:Mars Polska sp. z o.o.,\nKożuszki Parcel 42,\n96-500 Sochaczew\n0-801 10 63 63,\nwww.perfect-fit.plDystrybutor:Mars Polska sp. z o.o.Kożuszki Parcel 42 96-500  SochaczewNazwa wymagana prawnie:Perfect Fit Junior <1 Karma dla kociąt 750 g"}], "images": ["data/images/460d89e05071440f41f351835e6fcc8d.jpg"], "absolute_path": "Dla zwierząt/Dla kota/Karmy suche/Produkt 9"}
{"name": "Produkt 7", "url": "https://zakupy.biedronka.pl/whiskas-whiskas-sucha-karma-dla-kotow-z-pysznym-kurczakiem-800-g-0000023001.html", "title": "Whiskas Sucha karma dla kotów z pysznym kurczakiem 800 g", "brand": "Whiskas", "price": "29.99 PLN", "packaging_details": "0.8kg- 37,49 zł / kg", "description_sections": [{"header": "Opis produktu", "content": "Sucha karma pełnoporcjowa dla starszych kotów.Nasze smaczne granulki są starannie przygotowywane, aby dać Twojemu kociemu przyjacielowi wszystko, czego potrzebuje do mruczenia. Nasze receptury dla kotów powyżej 7 roku życia zostały zoptymalizowane tak, aby dostarczyć perfekcyjnie zbilansowaną dawkę składników odżywczych, odpowiadającą zmieniającym się potrzebom Twojego kota podczas dorastania. Każda z naszych pysznych receptur jest przygotowana z wysokiej jakości składników pochodzących wyłącznie od zaufanych dostawców, co sprawia, że Twój kot jest szczęśliwy, zdrowy i chętnie przybiega do miski za każdym razem w porze karmienia.Zbilansowany poziom minerałów, aby wspierać zdrowie dolnego odcinka układu moczowegoZ witaminą E i tauryną, aby wspierać naturalne mechanizmy obronneZ tauryną dla zdrowego sercaZ wysokiej jakości białkiemZ pyszną marchewkąZ delikatnym i pysznym nadzieniemZ pysznym groszkiemWyprodukowano w fabrykach, które pozyskują odnawialną energię elektryczną376 kcal 100 gOpracowane przy udziale naszych specjalistów ds. żywienia i lekarzy weterynarii z Instytutu Nauki o Zwierzętach Walthamwww.waltham.com"}, {"header": "Składniki i alergeny", "content": "Składniki:zboża,mięso i produkty pochodzenia zwierzęcego (w tym 4 % kurczaka w brązowych granulkach*),produkty pochodzenia roślinnego,oleje i tłuszcze,roślinne ekstrakty białkowe,substancje mineralne,cukry,warzywa (w tym 0.5 % suszonej marchewki (co odpowiada 4 % marchewki) w pomarańczowych granulkach i 1 % suszonego groszku (co odpowiada 4 % groszku) w zielonych granulkach*),drożdże,*Brązowe granulki stanowią zwykle 70 % produktu, pomarańczowe granulki i zielone granulki stanowią zwykle po 8 % produktu każda"}, {"header": "Przechowywanie i sposób przygotowania", "content": "Sposób podania:15 g karmy suchej można zastąpić 1 saszetką 85 g karmy mokrej Whiskas.Sposób karmienia: Należy uwzględnić kalorie pochodzące z przysmaków (i podawanej karmy mokrej). Ilości karmy są podane wyłącznie jako wskazówki. Należy dostosować ilość karmy do wieku, rozmiaru i poziomu aktywności kota. Podzielić na porcje do podania w ciągu dnia. Przy zmianie diety należy wprowadzać karmę stopniowo.Zapewnij świeżą wodę do picia."}, {"header": "Pozostałe informacje", "content": "Nazwa wymagana prawnie:Whiskas Sucha karma dla kotów z pysznym kurczakiem 800 g"}], "images": ["data/images/69750aad173d169df9ec2013982f6f6d.jpg"], "absolute_path": "Dla zwierząt/Dla kota/Karmy suche/Produkt 7"}
{"name": "Produkt 5", "url": "https://zakupy.biedronka.pl/perfect-fit-perfect-fit-sterile-1plus-karma-dla-doroslych-kotow-750-g-0000014743.html", "title": "Perfect Fit Sterile 1+ Karma dla dorosłych kotów 750 g", "brand": "Perfect Fit", "price": "17.99 PLN", "packaging_details": "0.75kg- 23,99 zł / kg", "description_sections": [{"header": "Opis produktu", "content": "Sucha karma pełnoporcjowa dla dorosłych kotów.Każda z naszych pysznych receptur Perfect Fit zawiera unikalną formułę, która wspiera zdrowie całego organizmu Twojego kota oraz zapewnia mu dodatkowe korzyści zdrowotne, które są specjalnie dopasowane do jego wieku i stylu życia.Sterile 1+Witalność i ZwinnośćZ dodatkiem witamin z grupy B i żelaza dla utrzymania zwinności Twojego kota.Kontrola Zdrowej Masy CiałaZmniejszono o 20 % dzienne spożycie kalorii dzięki o 15 % obniżonej zawartości tłuszczu⁽ ⁴ ⁾ i dopasowanemu profilowi składników odżywczych.⁽ ⁴ ⁾w porównaniu z Perfect Fit Adult.total 5Wsparcie Naturalnych Mechanizmów ObronnychZ dodatkiem tauryny, witaminy E oraz witaminy C, które wspomagają naturalne mechanizmy obronne.Zdrowie Układu MoczowegoZe zbilansowanym poziomem minerałów, aby wspierać Zdrowie Dolnych Dróg Moczowych.Zdrowe TrawienieWyprodukowany z wysokiej jakości białek i drożdży, naturalnego źródła prebiotyków, aby wspierać zdrowe trawienie.Kontrola Optymalnej Masy i Kondycji CiałaZ dostosowaną ilością białka i poziomem energii, aby wspierać utrzymanie optymalnej masy i kondycji ciała.Zdrowa Skóra i SierśćZawiera cynk, który wspomaga zdrową skórę i sierść."}, {"header": "Składniki i alergeny", "content": "Składniki:mięso i produkty pochodzenia zwierzęcego (w tym wołowina 14 %),pszenica,kukurydza,roślinne ekstrakty białkowe,produkty pochodzenia roślinnego,oleje i tłuszcze,substancje mineralne,drożdże (w tym naturalne drożdże browarnicze 0,2 %)"}, {"header": "Przechowywanie i sposób przygotowania", "content": "Sposób podania:20 g karmy suchej można zastąpić 1 saszetką 85 g karmy mokrej Perfect Fit.Sposób karmienia: Należy uwzględnić kalorie pochodzące z przysmaków. Ilości karmy są podane wyłącznie jako wskazówki. Należy dostosować ilość karmy do wieku, rozmiaru i poziomu aktywności kota. Podzielić na porcje do podania w ciągu dnia. Przy zmianie diety należy wprowadzać karmę stopniowo. Aby uzyskać więcej informacji, odwiedź naszą stronę internetową. Zapewnij świeżą wodę do picia."}, {"header": "Pozostałe informacje", "content": "Producent:Mars Polska sp. z o.o.,\nKożuszki Parcel 42,\n96-500 Sochaczew\n0-801 10 63 63,\nwww.perfect-fit.plDystrybutor:Mars Polska sp. z o.o.Kożuszki Parcel 42 96-500  SochaczewNazwa wymagana prawnie:Perfect Fit Sterile 1+ Karma dla dorosłych kotów 750 g"}], "images": ["data/images/209bb4f7e970281ef9ee46afa11417dc.jpg"], "absolute_path": "Dla zwierząt/Dla kota/Karmy suche/Produkt 5"}
{"name": "Produkt 8", "url": "https://zakupy.biedronka.pl/purina-one-purina-one-bifensis-sterilcat-karma-dla-kotow-bogata-w-wolowine-15-kg-0000003676.html", "title": "Purina One Bifensis Sterilcat Karma dla kotów bogata w wołowinę 1,5 kg", "brand": "Purina One", "price": "39.99 PLN", "packaging_details": "1.5kg- 26,66 zł / kg", "description_sections": [{"header": "Opis produktu", "content": "Pełnoporcjowa karma dla dorosłych kotów.Widoczne zdrowie dziś i jutroPURINA ONE Sterilcat ma dopasowany profil wartości odżywczych do kotów po zabiegu sterylizacji\\kastracji.Zbilansowany mikrobiom jelit jest niezbędny dla zdrowia Twojego kota. Ma bezpośredni wpływ na ich układ odpornościowy. Mikrobiom to ekosystem zawierający tryliony mikroorganizmów, które żyją w jelitach i są unikalne dla każdego kota. Równowaga mikroorganizmów jest ważna aby wywierać pozytywny wpływ na zdrowie układu trawiennego, układ odpornościowy i ogólny dobrostan Twojego kota.PURINA ONE Bifensis to formuła żywieniowa zawierająca korzystne bakterie funkcjonalne: Lactobacillus, które, jak udowodniono naukowo, wzmacniają od wewnątrz układ odpornościowy Twojego kota i pomagają chronić zdrowy mikrobiom jelit.Pomaga chronić mikrobiom jelitOpracowana, aby pomóc utrzymać zdrowy metabolizm po zabiegu sterylizacji\\kastracjiKontrola masy ciała wspierana przez wyższy*** stosunek zawartości białka do tłuszczu (***+15 % w porównaniu do receptury Adult)Pomaga utrzymać zdrowe drogi moczowe dzięki zbilansowanym minerałomUdowodnione naukowo działanie wzmacniające układ odpornościowy dzięki lactobacillus - specjalnym bakteriom funkcjonalnymPoprawia równowagę mikrobiomu jelit dzięki cykorii, prebiotykowiWołowina jako składnik nr 1 - dobre źródło białka i aminokwasów aby pomóc w budowie i utrzymaniu silnych mięśniPomaga utrzymać zdrową skórę i sierść dzięki kwasom tłuszczowym omega 3 i 6 oraz niezbędnym witaminom i minerałomPomaga utrzymać mocne i zdrowe kości dzięki minerałom i witaminie DBez dodatku barwnikówZaprojektowana przez lekarzy weterynarii i dietetyków PurinaSubrand:Bifensis"}, {"header": "Składniki i alergeny", "content": "Składniki:płuco wołowe (16 %),suszone białko drobiowe,pszenica(14 %),mączka sojowa,kukurydza,mączka białkowa z kukurydzy,tłuszcze zwierzęce,glutenpszenny,suszona pulpa buraczana,suszony korzeń cykorii (2 %),suszone włókno roślinne,minerały,digest (z dodatkiem Lactobacillus Delbrueckii i Fermentum w proszku, poddanych obróbce cieplnej: 0.025 %),drożdże"}, {"header": "Przechowywanie i sposób przygotowania", "content": "Sposób podania:Zalecenia żywieniowe: Odkryj również wysokiej jakości karmę PURINA ONE w postaci produktów mokrych z szeroką gamą pysznych receptur, specjalnie dostosowanych do potrzeb Twojego kota. Zalecane dzienne ilości karmy powinny zostać dostosowane do warunków pogodowych, poziomu aktywności kota i jego kondycji fizycznej. Zapewnij kotu stały dostęp do czystej, świeżej wody do picia.Zalecana dzienna ilość (g/dzień)Masa ciała kota 4-6 kg / Ilość 55 - 80 gMasa ciała kota 6-8 kg / Ilość 80 - 105 gMasa ciała kota 8-10 kg / Ilość 105 - 130 g"}, {"header": "Pozostałe informacje", "content": "Producent:Nestlé Polska S.A.,\nul. Domaniewska 32,\n02-672 Warszawa\nInfolinia: 801 315 005\ncs@pl.nestle.com\nwww.purina.plNazwa wymagana prawnie:PURINA ONE Bifensis Sterilcat Karma dla kotów bogata w wołowinę 1,5 kg"}], "images": ["data/images/d96f69969bb758a18fff84b426807a8f.jpg"], "absolute_path": "Dla zwierząt/Dla kota/Karmy suche/Produkt 8"}
{"name": "Produkt 3", "url": "https://zakupy.biedronka.pl/sheba-sheba-delicacy-mokra-karma-dla-doroslych-kotow-w-galaretce-drobiowe-smaki-4-x-85-g-340-g-0000004757.html", "title": "Sheba Delicacy Mokra karma dla dorosłych kotów w galaretce drobiowe smaki (4 x 85 g) 340 g", "brand": "Sheba", "price": "12.99 PLN", "packaging_details": "0.34kg- 38,21 zł / kg", "description_sections": [{"header": "Opis produktu", "content": "Mokra karma pełnoporcjowa dla dorosłych kotów.Subrand:Delicacy"}, {"header": "Składniki i alergeny", "content": "Składniki:z kaczką: mięso i produkty pochodzenia zwierzęcego* (w tym kaczka 4 % w kawałkach**), substancje mineralne, roślinne ekstrakty białkowe, cukry,z kurczakiem: mięso i produkty pochodzenia zwierzęcego* (w tym kurczak 4 % w kawałkach**), substancje mineralne, roślinne ekstrakty białkowe, cukry,z drobiem: mięso i produkty pochodzenia zwierzęcego* (w tym drób 4 % w kawałkach**), substancje mineralne, roślinne ekstrakty białkowe, cukry,z indykiem: mięso i produkty pochodzenia zwierzęcego* (w tym indyk 4 % w kawałkach**), substancje mineralne, roślinne ekstrakty białkowe, cukry,*95 % naturalnego pochodzenia,**Kawałki stanowią 40 % produktu"}, {"header": "Przechowywanie i sposób przygotowania", "content": "Sposób podania:Sposób karmienia: Kot o masie ciała 3 kg potrzebuje 3 - 3½ saszetki dziennie, kot o masie ciała 4 kg potrzebuje 3½ - 4 saszetek dziennie, kot o masie ciała 5 kg potrzebuje 4 - 4½ saszetki dziennie. 1 saszetkę można zastąpić 15-17 g karmy suchej. Należy dostosować ilość karmy do potrzeb kota. Zapewnij świeżą wodę do picia. Podawać o temperaturze pokojowej, niewykorzystaną część przechowywać w lodówce do 2 dni."}, {"header": "Pozostałe informacje", "content": "Nazwa wymagana prawnie:Sheba Delicacy Mokra karma dla dorosłych kotów w galaretce drobiowe smaki 340 g (4 x 85 g)"}], "images": ["data/images/095e8cbb4e278731cc75fa755a204fd5.jpg"], "absolute_path": "Dla zwierząt/Dla kota/Karmy mokre/Produkt 3"}
{"name": "Produkt 4", "url": "https://zakupy.biedronka.pl/whiskas-whiskas-mokra-karma-dla-starszych-kotow-drobiowa-uczta-galaretka-8-x-85-g-680-g-0000009745.html", "title": "Whiskas Mokra karma dla starszych kotów drobiowa uczta galaretka (8 x 85 g) 680 g", "brand": "Whiskas", "price": "16.99 PLN", "packaging_details": "0.68kg- 24,99 zł / kg", "description_sections": [{"header": "Opis produktu", "content": "Mokra karma pełnoporcjowa dla starszych kotów.Naturalnie silne mechanizmy obronneZdrowa zwinność"}, {"header": "Składniki i alergeny", "content": "Składniki:Mokra karma dla starszych kotów drobiowa uczta galaretka z kurczakiem: mięso i produkty pochodzenia zwierzęcego (35 %, w tym 4 % kurczaka w kawałkach), zboża, substancje mineralne, produkty pochodzenia roślinnego, cukry,Mokra karma dla starszych kotów drobiowa uczta galaretka z kaczką: mięso i produkty pochodzenia zwierzęcego (35 %, w tym 4 % kaczki w kawałkach*), zboża, substancje mineralne, produkty pochodzenia roślinnego, cukry,Mokra karma dla starszych kotów drobiowa uczta galaretka z drobiem: mięso i produkty pochodzenia zwierzęcego (35 %, w tym 4 % drobiu w kawałkach*), zboża, substancje mineralne, produkty pochodzenia roślinnego, cukry,Mokra karma dla starszych kotów drobiowa uczta galaretka z indykiem: mięso i produkty pochodzenia zwierzęcego (35 %, w tym 4 % indyka w kawałkach*), zboża, substancje mineralne, produkty pochodzenia roślinnego, cukry,*Kawałki zwykle stanowią 40 % produktu"}, {"header": "Przechowywanie i sposób przygotowania", "content": "Sposób podania:1 saszetką można zastąpić 16 g karmy suchej Whiskas.Kot o masie ciała 3 kg potrzebuje 3-3½ saszetki dziennie, kot o masie ciała 4 kg potrzebuje 3½-4 saszetek dziennie, kot o masie ciała 5 kg potrzebuje 4 - 4½ saszetki dziennie. Należy uwzględnić kalorie pochodzące z przysmaków. Ilości karmy są podane wyłącznie jako wskazówki. Należy dostosować ilość karmy do wieku, rozmiaru i poziomu aktywności kota. Podzielić na porcje do podania w ciągu dnia. Aby uzyskać więcej informacji, odwiedź naszą stronę internetową. Zapewnij świeżą wodę do picia. Podawać o temperaturze pokojowej, niewykorzystaną część przechowywać w lodówce do 2 dni."}, {"header": "Pozostałe informacje", "content": "Producent:Mars Polska sp. z o.o.,\nKożuszki Parcel 42,\n96-500 Sochaczew\n0-801 10 63 63,\nwww.whiskas.plNazwa wymagana prawnie:Whiskas Mokra karma dla starszych kotów drobiowa uczta galaretka 680 g (8 x 85 g)"}], "images": ["data/images/d433d481529aa0860df2263db1e04fa4.jpg"], "absolute_path": "Dla zwierząt/Dla kota/Karmy mokre/Produkt 4"}
{"name": "Produkt 10", "url": "https://zakupy.biedronka.pl/perfect-fit-perfect-fit-senior-7plus-sucha-karma-dla-kotow-750-g-0000022993.html", "title": "Perfect Fit Senior 7+ Sucha karma dla kotów 750 g", "brand": "Perfect Fit", "price": "19.99 PLN", "packaging_details": "0.75kg- 26,65 zł / kg", "description_sections": [{"header": "Opis produktu", "content": "Sucha karma pełnoporcjowa dla starszych kotów.Każda z naszych pysznych receptur Perfect Fit zawiera unikalną formułę, która wspiera zdrowie całego organizmu Twojego kota oraz zapewnia mu dodatkowe korzyści zdrowotne, które są specjalnie dopasowane do jego wieku i stylu życia.Senior 7+Silne serceZ dodatkiem tauryny, niezbędnego składnika odżywczego dla kotów, który pomaga utrzymać silne i zdrowe serce.Zdrowe Funkcjonowanie KomórekWzbogacona o antyoksydanty, które pomagają zapobiegać uszkodzeniom komórek przez wolne rodniki.Wsparcie sprawności ruchowejZawiera naturalne źródła glukozaminy i kwasów tłuszczowych omega 3, które pomagają w utrzymaniu zdrowych stawów, co sprzyja sprawności ruchowejTotal 5Wsparcie naturalnych mechanizmów obronnychZ dodatkiem tauryny, witaminy E oraz witaminy C, które wspomagają naturalne mechanizmy obronne.Zdrowie układu moczowegoZe zbilansowanym poziomem minerałów, aby wspierać zdrowie dolnych dróg moczowych.Zdrowe trawienieWyprodukowany z wysokiej jakości białek i drożdży, naturalnego źródła prebiotyków, aby wspierać zdrowe trawienie.Kontrola optymalnej masy i kondycji ciałaZ dostosowaną ilością białka i poziomem energii, aby wspierać utrzymanie optymalnej masy i kondycji ciała.Zdrowa skóra i sierśćZawiera cynk, który wspomaga zdrową skórę i sierść."}, {"header": "Składniki i alergeny", "content": "Składniki:mięso i produkty pochodzenia zwierzęcego* (w tym kurczak 14 %),pszenica,kukurydza,roślinne ekstrakty białkowe,oleje i tłuszcze (w tym olej zryb0.25 %**),produkty pochodzenia roślinnego,substancje mineralne,drożdże (w tym naturalne drożdże browarnicze 0.2 %),*Naturalne źródło glukozaminy,**Naturalne źródło kwasów tłuszczowych Omega-3"}, {"header": "Przechowywanie i sposób przygotowania", "content": "Sposób podania:Zalecana dzienna ilość karmy3 kg / 45-50 g4 kg / 55-65 g5 kg / 65-75 g20 g karmy suchej można zastąpić 1 saszetką 85 g karmy mokrej Perfect Fit.Sposób karmienia: Należy uwzględnić kalorie pochodzące z przysmaków (i podawanej karmy mokrej). Ilości karmy są podane wyłącznie jako wskazówki. Należy dostosować ilość karmy do wieku, rozmiaru i poziomu aktywności kota. Podzielić na porcje do podania w ciągu dnia. Przy zmianie diety należy wprowadzać karmę stopniowo.Zapewnij świeżą wodę do picia."}, {"header": "Pozostałe informacje", "content": "Nazwa wymagana prawnie:Perfect Fit Senior 7+ Sucha karma dla kotów 750 g"}], "images": ["data/images/d7442398e0eb4d252927400f43b46bf7.jpg"], "absolute_path": "Dla zwierząt/Dla kota/Karmy suche/Produkt 10"}
{"name": "Produkt 2", "url": "https://zakupy.biedronka.pl/sheba-sheba-kitten-mokra-karma-dla-kociat-w-sosie-wybor-smakow-4-x-85-g-340-g-0000012503.html", "title": "Sheba Kitten Mokra karma dla kociąt w sosie wybór smaków (4 x 85 g) 340 g", "brand": "Sheba", "price": "12.99 PLN", "packaging_details": "0.34kg- 38,21 zł / kg", "description_sections": [{"header": "Opis produktu", "content": "Mokra karma pełnoporcjowa dla kociąt.Subrand:Kitten"}, {"header": "Składniki i alergeny", "content": "Składniki:z łososiem: mięso i produkty pochodzenia zwierzęcego* (94 % naturalnego pochodzenia),rybyi produktyrybne* (w tymłosoś4 % w kawałkach**), produkty pochodzenia roślinnego, substancje mineralne, cukry,z kurczakiem: mięso i produkty pochodzenia zwierzęcego* (w tym kurczak 4 % w kawałkach**), produkty pochodzenia roślinnego, substancje mineralne, cukry,*94 % naturalnego pochodzenia,**Kawałki stanowią 49 % produktu"}, {"header": "Przechowywanie i sposób przygotowania", "content": "Sposób podania:Sposób karmienia: Kocię w wieku ≤3 miesięcy potrzebuje 2½ - 3 saszetki dziennie, kocię w wieku 4-5 miesięcy potrzebuje 3½ - 4 saszetki dziennie, kocię w wieku 6-12 miesięcy potrzebuje 4 - 4½ saszetki dziennie. 1 saszetkę można zastąpić 18-21 g karmy suchej. Należy uwzględnić kalorie pochodzące z przysmaków. Należy dostosować ilość karmy do potrzeb kociąt. Zapewnij świeżą wodę do picia. Podawać o temperaturze pokojowej, niewykorzystaną część przechowywać w lodówce do 2 dni."}, {"header": "Pozostałe informacje", "content": "Producent:Mars Polska sp. z o.o.,\nKożuszki Parcel 42,\n96-500 Sochaczew\n0-801 10 63 63,\nwww.sheba.plDystrybutor:Mars Polska sp. z o.o.Kożuszki Parcel 42 96-500 SochaczewNazwa wymagana prawnie:Sheba Kitten Mokra karma dla kociąt w sosie wybór smaków 340 g (4 x 85 g)"}], "images": ["data/images/195bf05e6197287af038ac75d8dcece4.jpg"], "absolute_path": "Dla zwierząt/Dla kota/Karmy mokre/Produkt 2"}
{"name": "Produkt 1", "url": "https://zakupy.biedronka.pl/gourmet-gourmet-perle-karma-dla-kotow-mini-fileciki-w-sosie-z-warzywami-4-x-85-g-340-g-0000007549.html", "title": "Gourmet Perle Karma dla kotów mini fileciki w sosie z warzywami (4 x 85 g) 340 g", "brand": "Gourmet", "price": "12.99 PLN", "packaging_details": "0.34kg- 38,21 zł / kg", "description_sections": [{"header": "Opis produktu", "content": "Pełnoporcjowa karma dla dorosłych kotów.Subrand:Perle"}, {"header": "Składniki i alergeny", "content": "Składniki:z cielęciną i warzywami: mięso i produkty pochodzenia zwierzęcego (14 %, w tym cielęcina 4 %), roślinne ekstrakty białkowe,rybyi produktyrybne, minerały, warzywa (odwodnione warzywa 0.7 %, odpowiada 6.3 % warzyw), cukry,z pstrągiem, w sosie ze szpinakiem: mięso i produkty pochodzenia zwierzęcego, roślinne ekstrakty białkowe,rybyi produktyrybne(pstrąg 4 %), minerały, warzywa (odwodniony szpinak 0.3 %, odpowiada 4 % szpinaku w sosie), cukry,z wołowiną i marchewką: mięso i produkty pochodzenia zwierzęcego (15 %, w tym wołowina 4 %), roślinne ekstrakty białkowe,rybyi produktyrybne, minerały, warzywa (odwodniona marchew 0.6 %, odpowiada 5.4 % marchwi), cukry,z dziczyzną i warzywami: mięso i produkty pochodzenia zwierzęcego (15 %, w tym dziczyzna 4 %), roślinne ekstrakt białkowe,rybyi produktyrybne, minerały, warzywa (odwodnione warzywa 0.7 %, odpowiada 6.3 % warzyw), cukry"}, {"header": "Przechowywanie i sposób przygotowania", "content": "Sposób podania:Zalecenia żywieniowe: Przeciętnemu dorosłemu kotu, ważącemu ok. 4 kg, zaleca się podawanie 3 do 4 saszetek w ciągu dnia, w co najmniej 2-3 oddzielnych posiłkach. Podane normy ilości karmy dla kotów dorosłych odnoszą się do zwierząt umiarkowanie aktywnych w normalnej temperaturze otoczenia. Indywidualne potrzeby różnią się, a ilość podawanej karmy powinna zostać dostosowana tak, aby utrzymać prawidłową, szczupłą sylwetkę Twojego kota. Podawać w temperaturze pokojowej. Zwierzę powinno mieć stały dostęp do czystej, świeżej wody do picia."}, {"header": "Pozostałe informacje", "content": "Producent:Nestlé Polska S.A.,\nul. Domaniewska 32,\n02-672 Warszawa\n801 315 005\ncs@pl.nestle.com\nwww.purina.plDystrybutor:Nestlé Polska S.A.ul. Domaniewska 32 02-672 Warszawacs@pl.nestle.comNazwa wymagana prawnie:Gourmet Perle Karma dla kotów mini fileciki w sosie z warzywami 340 g (4 x 85 g)"}], "images": ["data/images/4412a59338ef3b0baa0cd20251c990bf.jpg", "data/images/f396bbefba68cd151915dedaa7f3c1ec.jpg", "data/images/2a03e821f1e97835356e8d4edea59111.jpg", "data/images/51481286934b69288d5aee1878e44073.jpg", "data/images/25b57880cbf6a53357c167fa4e22ea1f.jpg", "data/images/d1ed35d6f2469b492d3d13a66fed6a23.jpg", "data/images/498a6249aa777c2a00d73f5005b6e2f9.jpg", "data/images/16a990bfb33ac644974be10b0b64f3c2.jpg", "data/images/d931c6cf0eb39d7e9a62a0e4579db821.jpg"], "absolute_path": "Dla zwierząt/Dla kota/Karmy mokre/Produkt 1"}
{"name": "Produkt 9", "url": "https://zakupy.biedronka.pl/kitty-kitty-karma-pelnoporcjowa-dla-doroslych-kotow-z-kurczakiem-i-cielecina-w-sosie-415-g-0000000699.html", "title": "Kitty Karma pełnoporcjowa dla dorosłych kotów z kurczakiem i cielęciną w sosie 415 g", "brand": "Kitty", "price": "2.49 PLN", "packaging_details": "0.415kg- 6,00 zł / kg", "description_sections": [{"header": "Opis produktu", "content": "Puszki Kitty to unikatowa kompozycja niezbędnych składników odżywczych i witamin, które pozwolą Twojemu kotu cieszyć się zdrowiem i doskonałą kondycją. To pełnoporcjowy posiłek zawierający m.in. cynk i biotynę dla lśniącej sierści, inulinę dla optymalnego trawienia i tak niezbędną taurynę wspierającą prawidłową pracę serca i dobry wzrok."}, {"header": "Składniki i alergeny", "content": "Składniki:Skład: mięso i produkty pochodzenia zwierzęcego 38%, zboża,rybyi produkty pochodzeniarybnego, roślinne ekstrakty białkowe, substancje mineralne, cukry. Składniki analityczne: wilgotność 82,0% białko surowe 8,0% zawartość tłuszczu 4,5% popiół surowy 2,5% włókno surowe 0,3% Omega 6 0,3% Dodatki: Dodatki dietetyczne/ 1kg: witamina A 1100 j.m., witamina D3 140 j.m., witamina E 15 mg, cynk (jako jednowodny siarczan cynku) 10 mg, mangan (jako tlenek manganu (II)) 2,5 mg, tauryna 450 mg."}, {"header": "Pozostałe informacje", "content": "Kraj pochodzenia:CzechyKraj pochodzenia zależy od konkretnej partii produktu jaka znajduje się w sklepie. Informację o kraju pochodzenia znajdziesz na opakowaniu. Możesz również dodać komentarz z preferowanym typem produktu w koszyku lub wiadomości dla shoppera (np. “prosze o pomidory polskie”).Nazwa wymagana prawnie:Karma pełnoporcjowa dla dorosłych kotów z kurczakiem i cielęciną w sosie"}], "images": ["data/images/d24a7423ff068552de262c63908f39a9.jpg"], "absolute_path": "Dla zwierząt/Dla kota/Karmy mokre/Produkt 9"}
{"name": "Produkt 5", "url": "https://zakupy.biedronka.pl/felix-felix-duo-karma-dla-kotow-rybne-smaki-w-galaretce-4-x-85-g-340-g-0000021318.html", "title": "Felix Duo Karma dla kotów rybne smaki w galaretce (4 x 85 g) 340 g", "brand": "Felix", "price": "9.99 PLN", "packaging_details": "0.34kg- 29,38 zł / kg", "description_sections": [{"header": "Opis produktu", "content": "Pełnoporcjowa karma dla dorosłych kotów. Karma odpowiednia także dla kotów wysterylizowanych.Subrand:Duo"}, {"header": "Składniki i alergeny", "content": "Składniki:z pyszną mieszanką Dorsza Czarnego i Łososia w Galaretce: mięso i produkty pochodzenia zwierzęcego* (12%), roślinne ekstrakty białkowe,rybyi produktyrybne(dorszczarny 2%,łosoś2%), składniki mineralne, cukry,z pyszną mieszanką Śledzia i Pstrąga w Galaretce: mięso i produkty pochodzenia zwierzęcego* (12%), roślinne ekstrakty białkowe,rybyi produktyrybne(śledź 2%, pstrąg 2%), składniki mineralne, cukry,z pyszną mieszanką Łososia i Sardynki w Galaretce: mięso i produkty pochodzenia zwierzęcego* (12%), roślinne ekstrakty białkowe,rybyi produktyrybne(łosoś2%,sardynka2%), składniki mineralne, cukry,z pyszną mieszanką Pstrąga i Makreli w Galaretce: mięso i produkty pochodzenia zwierzęcego* (12%), roślinne ekstrakty białkowe,rybyi produktyrybne(pstrąg 2%,makrela2%), składniki mineralne, cukry,*kawałki: 40% mięsa i produktów pochodzenia zwierzęcego"}, {"header": "Przechowywanie i sposób przygotowania", "content": "Sposób podania:Zalecenia żywieniowe: Przeciętnemu dorosłemu kotu, ważącemu ok. 4 kg, zaleca się podawanie 4 saszetek w ciągu dnia, w co najmniej 2 oddzielnych posiłkach. Podane normy ilości karmy dla kotów dorosłych odnoszą się do zwierząt umiarkowanie aktywnych w normalnej temperaturze otoczenia. Indywidualne potrzeby różnią się, a ilość podawanej karmy powinna zostać dostosowana tak, aby utrzymać prawidłową, szczupłą sylwetkę Twojego kota. Podawać w temperaturze pokojowej. Zwierzę powinno mieć stały dostęp do czystej, świeżej wody do picia.Przeciętnemu dorosłemu wysterylizowanemu kotu, ważącemu ok. 4 kg, zaleca się podawanie 3 saszetek w ciągu dnia, w co najmniej 2 oddzielnych posiłkach."}, {"header": "Pozostałe informacje", "content": "Nazwa wymagana prawnie:Felix Duo Karma dla kotów rybne smaki w galaretce 340 g (4 x 85 g)"}], "images": ["data/images/9bd73913f695efbf8fb8d8cc599a2aea.jpg"], "absolute_path": "Dla zwierząt/Dla kota/Karmy mokre/Produkt 5"}
{"name": "Produkt 8", "url": "https://zakupy.biedronka.pl/kitty-kitty-karma-pelnoporcjowa-dla-doroslych-kotow-z-wolowina-i-watrobka-w-sosie-415-g-0000000701.html", "title": "Kitty Karma pełnoporcjowa dla dorosłych kotów z wołowiną i wątróbką w sosie 415 g", "brand": "Kitty", "price": "2.49 PLN", "packaging_details": "0.415kg- 6,00 zł / kg", "description_sections": [{"header": "Opis produktu", "content": "Puszki Kitty to unikatowa kompozycja niezbędnych składników odżywczych i witamin, które pozwolą Twojemu kotu cieszyć się zdrowiem i doskonałą kondycją. To pełnoporcjowy posiłek zawierający m.in. cynk i biotynę dla lśniącej sierści, inulinę dla optymalnego trawienia i tak niezbędną taurynę wspierającą prawidłową pracę serca i dobry wzrok."}, {"header": "Składniki i alergeny", "content": "Składniki:Skład: mięso i produkty pochodzenia zwierzęcego 38% (4% wołowiny, 4% wątróbki), zboża,rybyi produkty pochodzeniarybnego, roślinne ekstrakty białkowe, substancje mineralne, cukry. Składniki analityczne: wilgotność 82,0% białko surowe 8,0% zawartość tłuszczu 4,5% popiół surowy 2,5% włókno surowe 0,3% Omega 6 0,3% Dodatki: Dodatki dietetyczne/ 1kg: witamina A 1100 j.m., witamina D3 140 j.m., witamina E 15 mg, cynk (jako jednowodny siarczan cynku) 10 mg, mangan (jako tlenek manganu (II)) 2,5 mg, tauryna 450 mg."}, {"header": "Pozostałe informacje", "content": "Kraj pochodzenia:CzechyKraj pochodzenia zależy od konkretnej partii produktu jaka znajduje się w sklepie. Informację o kraju pochodzenia znajdziesz na opakowaniu. Możesz również dodać komentarz z preferowanym typem produktu w koszyku lub wiadomości dla shoppera (np. “prosze o pomidory polskie”).Nazwa wymagana prawnie:Karma pełnoporcjowa dla dorosłych kotów z wołowiną i wątróbką w sosie"}], "images": ["data/images/c88d1a7c820f442498f7393a659b2431.jpg"], "absolute_path": "Dla zwierząt/Dla kota/Karmy mokre/Produkt 8"}
{"name": "Produkt 6", "url": "https://zakupy.biedronka.pl/felix-felix-sensations-jellies-karma-dla-kotow-wiejskie-smaki-w-galaretce-4-x-85-g-340-g-0000021317.html", "title": "Felix Sensations Jellies Karma dla kotów wiejskie smaki w galaretce (4 x 85 g) 340 g", "brand": "Felix", "price": "9.99 PLN", "packaging_details": "0.34kg- 29,38 zł / kg", "description_sections": [{"header": "Opis produktu", "content": "Pełnoporcjowa karma dla dorosłych kotów. Karma odpowiednia także dla kotów wysterylizowanych.Subrand:Sensations"}, {"header": "Składniki i alergeny", "content": "Składniki:z Wołowiną w Galaretce z Pomidorami: mięso i produkty pochodzenia zwierzęcego* (14%, w tym wołowina 4%), roślinne ekstrakty białkowe,rybyi produktyrybne, warzywa (odwodniony pomidor 0.9%, odpowiada 11% pomidora w galaretce), składniki mineralne, cukry,z Kurczakiem w Galaretce z Marchewką: mięso i produkty pochodzenia zwierzęcego* (14%, w tym kurczak 8%), roślinne ekstrakty białkowe,rybyi produktyrybne, warzywa (odwodniona marchew 0.7%, odpowiada 8.5% marchwi w galaretce), składniki mineralne, cukry,*kawałki: 44% mięsa i produktów pochodzenia zwierzęcego"}, {"header": "Przechowywanie i sposób przygotowania", "content": "Sposób podania:Zalecenia żywieniowe: Przeciętnemu dorosłemu kotu, ważącemu ok. 4 kg, zaleca się podawanie 4 saszetek w ciągu dnia, w co najmniej 2 oddzielnych posiłkach. Podane normy ilości karmy dla kotów dorosłych odnoszą się do zwierząt umiarkowanie aktywnych w normalnej temperaturze otoczenia. Indywidualne potrzeby różnią się, a ilość podawanej karmy powinna zostać dostosowana tak, aby utrzymać prawidłową, szczupłą sylwetkę Twojego kota. Podawać w temperaturze pokojowej. Zwierzę powinno mieć stały dostęp do czystej, świeżej wody do picia. Przeciętnemu dorosłemu wysterylizowanemu kotu, ważącemu ok. 4 kg, zaleca się podawanie 3 saszetek w ciągu dnia, w co najmniej 2 oddzielnych posiłkach."}, {"header": "Pozostałe informacje", "content": "Nazwa wymagana prawnie:Felix Sensations Jellies Karma dla kotów wiejskie smaki w galaretce 340 g (4 x 85 g)"}], "images": ["data/images/b0a666e6e6e6e78cfd3b4ef9a5c825a1.jpg"], "absolute_path": "Dla zwierząt/Dla kota/Karmy mokre/Produkt 6"}
{"name": "Produkt 7", "url": "https://zakupy.biedronka.pl/felix-felix-fantastic-junior-karma-dla-kociat-wybor-smakow-w-galaretce-4-x-85-g-340-g-0000008322.html", "title": "Felix Fantastic Junior Karma dla kociąt wybór smaków w galaretce (4 x 85 g) 340 g", "brand": "Felix", "price": "9.99 PLN", "packaging_details": "0.34kg- 29,38 zł / kg", "description_sections": [{"header": "Opis produktu", "content": "Pełnoporcjowa karma dla kociąt.Subrand:Fantastic Junior"}, {"header": "Składniki i alergeny", "content": "Składniki:z Kurczakiem w Galaretce: mięso i produkty pochodzenia zwierzęcego* (20%, w tym kurczak 8%), roślinne ekstrakty białkowe,rybyi produktyrybne(łosoś4%), składniki mineralne, cukry,z Łososiem w Galaretce: mięso i produkty pochodzenia zwierzęcego** (18%), roślinne ekstrakty białkowe,rybyi produktyrybne(łosoś4%), produkty pochodzenia roślinnego, składniki mineralne, cukry,*kawałki 50% mięsa i produktów pochodzenia zwierzęcego,**kawałki 44% mięsa i produktów pochodzenia zwierzęcego"}, {"header": "Przechowywanie i sposób przygotowania", "content": "Sposób podania:Zalecenia żywieniowe: Felix Fantastic Junior to karma pełnoporcjowa, co oznacza, że może byc jedynym źródłem pokarmu podawanym w ciągu dnia. Po prostu nałóż karmę na miseczkę i podaj swojemu kotkowi. Podawaj zgodnie z zaleceniami dotyczącymi dawkowania bez względu na smaki, jakie wybrałeś. Każde kocię ma inne potrzeby, które są zależne, które sa zależne od jego poziomu aktywności oraz budowy, dlatego ilość podawanego pokarmu oraz pory posiłków wymagają indywidualnego dostosowania. Podawaj w temperaturze pokojowej - zawsze zapewniaj kocięciu dostęp do świeżej, czystej wody do picia. Podawaj swojeu kotkowi jedzenie zawsze w tym samym miejscu tak, żeby wyrabiać w nim dobre nawyki i nie rozpraszac go w trakcie jedzenia. Felix Junior jest odpowiedni również dla kotów wysterylizowanych. Iloiść podawanego pokarmu powinna zosać dostosowana tak, aby utrzymać prawidłową, szczupłą sylwetkę Twojego kota. Felix Junior jest odpowiedni również dla kotek ciężarnych i karmiących, ponieważ potrzebują one karmy bogatej energetycznie, aby mogły zatroszczyc się o swoje przyszłe potomstwo. Po 12 miesiącach Twoje kocię stanie się dorosłym kotem gotowym do wypróbpowania pysznej gamy produktów Felix Fantastic Adult dla dorosłych kotów.Wiek saszetka/ dzieńWiek 8-12 tygodni 1¼ do 4 w 2 - 3 posiłkach lub według upodobańWiek 12-26 tygodni 2⅓ do 5 ¼ w 2 posiłkach lub według upodobańWiek 26-52 tygodni 5¼ do 2½ w 2 posiłkach lub według upodobań."}, {"header": "Pozostałe informacje", "content": "Producent:Nestlé Polska S.A.,\nul. Domaniewska 32,\n02-672 Warszawa\nInfolinia: 801 315 005\ncs@pl.nestle.com\nwww.purina.plDystrybutor:Nestlé Polska S.A.ul. Domaniewska 32 02-672 Warszawacs@pl.nestle.com801 315 005Nazwa wymagana prawnie:Felix Fantastic Junior Karma dla kociąt wybór smaków w galaretce 340 g (4 x 85 g)"}], "images": ["data/images/921a998d491efa431e35fe746f5136b1.jpg", "data/images/7a113d07eaacd88a006faa21c45747e9.jpg", "data/images/f37de927d5b5a6fc8dc5dd782456fde9.jpg", "data/images/5351b8d09b7507e497b35963d56aa8e8.jpg", "data/images/e8c50765bf7c772bd23037b4d5fe1e73.jpg", "data/images/f470b78aad69235da6a77cc81bf11ad0.jpg", "data/images/76f66c815e0d9ec63917f5933cc2c276.jpg", "data/images/3399503676ae3e9273a2d0db0a737e49.jpg", "data/images/4d9925cf24448498e44b306a925fe166.jpg"], "absolute_path": "Dla zwierząt/Dla kota/Karmy mokre/Produkt 7"}
{"name": "Produkt 10", "url": "https://zakupy.biedronka.pl/sheba-sheba-mokra-karma-dla-doroslych-kotow-w-terynie-z-dziczyzna-classics-85-g-0000012499.html", "title": "Sheba Mokra karma dla dorosłych kotów w terynie z dziczyzną Classics 85 g", "brand": "Sheba", "price": "3.49 PLN", "packaging_details": "0.085kg- 41,06 zł / kg", "description_sections": [{"header": "Opis produktu", "content": "Mokra karma pelnoporcjowa dla dorosłych kotów.Subrand:Classics"}, {"header": "Składniki i alergeny", "content": "Składniki:mięso i produkty pochodzenia zwierzęcego* (w tym dziczyzna 4 %),zboża,substancje mineralne,cukry,*98 % naturalnego pochodzenia"}, {"header": "Przechowywanie i sposób przygotowania", "content": "Sposób podania:Sposób karmienia: Kot o masie ciała 3 kg potrzebuje 2½ - 3 tacek dziennie, kot o masie ciała 4 kg potrzebuje 3 - 3½ tacki dziennie, kot o masie ciała 5 kg potrzebuje 3½ - 4 tacek dziennie. 1 tackę można zastąpić 18-20 g karmy suchej. Należy dostosować ilość karmy do potrzeb kota. Jak? Odwiedź naszą stronę internetową. Zapewnij świeżą wodę do picia. Podawać o temperaturze pokojowej, niewykorzystaną część przechowywać w lodówce do 2 dni."}, {"header": "Pozostałe informacje", "content": "Producent:Mars Polska sp. z o.o.,\nKożuszki Parcel 42,\n96-500 Sochaczew\n0-801 10 63 63,\nwww.sheba.plDystrybutor:Mars Polska sp. z o.o.Kożuszki Parcel 42 96-500 SochaczewNazwa wymagana prawnie:Sheba Classics Mokra karma dla dorosłych kotów w terynie z dziczyzną 85 g"}], "images": ["data/images/244a65c40eab96f6abd6383e7fe8da4f.jpg"], "absolute_path": "Dla zwierząt/Dla kota/Karmy mokre/Produkt 10"}
{"name": "Produkt 13", "url": "https://zakupy.biedronka.pl/sheba-sheba-classics-mokra-karma-dla-doroslych-kotow-w-terynie-z-lososiem-85-g-0000007957.html", "title": "Sheba Classics Mokra karma dla dorosłych kotów w terynie z łososiem 85 g", "brand": "Sheba", "price": "3.49 PLN", "packaging_details": "0.085kg- 41,06 zł / kg", "description_sections": [{"header": "Opis produktu", "content": "Mokra karma pełnoporcjowa dla dorosłych kotów.Subrand:Classics"}, {"header": "Składniki i alergeny", "content": "Składniki:mięso i produkty pochodzenia zwierzęcego*,rybyi produktyrybne* (w tymłosoś4 %),zboża,substancje mineralne,cukry,*Naturalny"}, {"header": "Przechowywanie i sposób przygotowania", "content": "Sposób podania:Sposób karmienia: Kot o masie ciała 3 kg potrzebuje 2½ - 3 tacek dziennie, kot o masie ciała 4 kg potrzebuje 3 - 3½ tacki dziennie, kot o masie ciała 5 kg potrzebuje 3½ - 4 tacek dziennie. 1 tackę można zastąpić 18-20 g karmy suchej. Należy dostosować ilość karmy do potrzeb kota. Jak? Odwiedź naszą stronę internetową. Zapewnij świeżą wodę do picia. Podawać o temperaturze pokojowej, niewykorzystaną część przechowywać w lodówce do 2 dni."}, {"header": "Pozostałe informacje", "content": "Nazwa wymagana prawnie:Sheba Classics Mokra karma dla dorosłych kotów w terynie z łososiem 85 g"}], "images": ["data/images/2d76b07721e53ce845d4c48f21777b88.jpg"], "absolute_path": "Dla zwierząt/Dla kota/Karmy mokre/Produkt 13"}
{"name": "Produkt 11", "url": "https://zakupy.biedronka.pl/sheba-sheba-classics-mokra-karma-dla-doroslych-kotow-w-terynie-koktajl-drobiowy-85-g-0000007952.html", "title": "Sheba Classics Mokra karma dla dorosłych kotów w terynie koktajl drobiowy 85 g", "brand": "Sheba", "price": "3.49 PLN", "packaging_details": "0.085kg- 41,06 zł / kg", "description_sections": [{"header": "Opis produktu", "content": "Mokra karma pełnoporcjowa dla dorosłych kotów - koktajl drobiowy."}, {"header": "Składniki i alergeny", "content": "Składniki:mięso i produkty pochodzenia zwierzęcego (65%, naturalnego pochodzenia* w 94%; w tym kurczak 22%, indyk 4%), substancje mineralne, cukry. *składniki naturalnego pochodzenia Składniki analityczne (%): białko 9,5; zawartość tłuszczu 5,0; materia nieorganiczna 2,0; włókno surowe 0,30; wilgotność 82,5. Dodatki/1kg: dodatki dietetyczne: witamina D3 200 IU; tauryna 501 mg; miedź (pentahydrat siarczanu miedzi (II)) 1,1 mg; jod (jodan wapnia, bezwodny) 0,35 mg; żelazo (siarczan żelaza (II), monohydrat) 17,5 mg; mangan (siarczan manganawy, monohydrat) 3,5 mg, cynk (siarczan cynku, monohydrat) 16,0 mg. / Dodatki technologiczne: guma kasja 2500 mg."}, {"header": "Pozostałe informacje", "content": "Nazwa wymagana prawnie:Mokra karma pełnoporcjowa dla dorosłych kotów"}], "images": ["data/images/284e79a93cc910b45d8bf4e25824c141.jpg", "data/images/58cff5426297ae7bb5024015e9fe8f21.jpg"], "absolute_path": "Dla zwierząt/Dla kota/Karmy mokre/Produkt 11"}
{"name": "Produkt 12", "url": "https://zakupy.biedronka.pl/sheba-sheba-mokra-karma-dla-doroslych-kotow-delikatny-pasztet-z-kurczakiem-finesse-85-g-0000012500.html", "title": "Sheba Mokra karma dla dorosłych kotów delikatny pasztet z kurczakiem Finesse 85 g", "brand": "Sheba", "price": "3.49 PLN", "packaging_details": "0.085kg- 41,06 zł / kg", "description_sections": [{"header": "Opis produktu", "content": "Mokra karma pełnoporcjowa dla dorosłych kotów.Subrand:Finesse"}, {"header": "Składniki i alergeny", "content": "Składniki:mięso i produkty pochodzenia zwierzęcego* (w tym kurczak 4 %),substancje mineralne,cukry,*95 % naturalnego pochodzenia"}, {"header": "Przechowywanie i sposób przygotowania", "content": "Sposób podania:Sposób karmienia: Kot o masie ciała 3 kg potrzebuje 2½ - 3 tacek dziennie, kot o masie ciała 4 kg potrzebuje 3 - 3½ tacki dziennie, kot o masie ciała 5 kg potrzebuje 3½ - 4 tacek dziennie. 1 tackę można zastąpić 18 - 21 g karmy suchej. Należy dostosować ilość karmy do potrzeb kota. Jak? Odwiedź naszą stronę internetową. Zapewnij świeżą wodę do picia. Podawać o temperaturze pokojowej, niewykorzystaną część przechowywać w lodówce do 2 dni."}, {"header": "Pozostałe informacje", "content": "Producent:Mars Polska sp. z o.o.,\nKożuszki Parcel 42,\n96-500 Sochaczew\n0-801 10 63 63,\nwww.sheba.plDystrybutor:Mars Polska sp. z o.o.Kożuszki Parcel 42 96-500 SochaczewNazwa wymagana prawnie:Sheba Finesse Mokra karma dla dorosłych kotów delikatny pasztet z kurczakiem 85 g"}], "images": ["data/images/3f47911926622a1b77f06642844a88f7.jpg"], "absolute_path": "Dla zwierząt/Dla kota/Karmy mokre/Produkt 12"}
{"name": "Produkt 14", "url": "https://zakupy.biedronka.pl/felix-felix-soup-original-uzupelniajaca-karma-dla-kota-6-x-48-g-0000009215.html", "title": "Felix Soup Original Uzupełniająca karma dla kota 6 x 48 g", "brand": "Felix", "price": "11.99 PLN", "packaging_details": "0.288kg- 41,63 zł / kg", "description_sections": [{"header": "Opis produktu", "content": "Uzupełniająca karma dla dorosłych kotów.Felix Soup Original to zestaw ekscytująco pysznych zup dla Twojego kota, którym nie sposób się oprzeć. Twój mały psotnik pokocha pałaszowanie pysznego rosołu, w którym natknie się na soczyste kawałki. Każda gotowa do spożycia saszetka Felix Soup Original jest idealnej wielkości, aby dodać Twojemu kotu ochoty do psot o każdej porze dnia. Urozmaicaj dzień swojego kota dzięki nieodparcie smakowitym recepturom Felix Soup Original, które stanowią doskonałe uzupełnienie jego diety.Subrand:Soup Original"}, {"header": "Składniki i alergeny", "content": "Składniki:z dorszem: mięso i produkty pochodzenia zwierzęcego, roślinne ekstrakty białkowe,rybyi produktyrybne(dorsz4 %), minerały, produkty pochodzenia roślinnego, cukry, drożdże. Dodatki: aromaty,z tuńczykiem: mięso i produkty pochodzenia zwierzęcego, roślinne ekstrakty białkowe,rybyi produktyrybne(tuńczyk4 %), minerały, produkty pochodzenia roślinnego, cukry, drożdże. Dodatki: aromaty,z płastugą: mięso i produkty pochodzenia zwierzęcego, roślinne ekstrakty białkowe,rybyi produktyrybne(płastuga 4 %), minerały, produkty pochodzenia roślinnego, cukry, drożdże. Dodatki: aromaty"}, {"header": "Przechowywanie i sposób przygotowania", "content": "Sposób podania:Zalecenia żywieniowe: Kotu ważącemu 4 kg nalej zawartość saszetki do miski i podawaj jedną saszetkę dziennie, jako uzupełnienie do innych pełnoporcjowych produktów Purina. Dla zdrowia Twojego kota przestrzegaj wskazówek dotyczących karmienia. Podawać w temperaturze pokojowej. Zawsze zapewnij czystą i świeżą wodę. Ten produkt jest posiłkiem uzupełniającym o wysokiej wilgotności: część dziennego zalecanego spożycia wody przez Twojego kota zostanie dostarczona poprzez spożycie tego produktu. Świeża, czysta woda do picia powinna być zawsze dostępna."}, {"header": "Pozostałe informacje", "content": "Producent:Nestlé Polska S.A.,\nul. Domaniewska 32,\n02-672 WarszawaNazwa wymagana prawnie:Felix Soup Original Uzupełniająca karma dla kota 6 x 48 g"}], "images": ["data/images/8ee48a52210e6949a3aebfc0bfc9c2b1.jpg"], "absolute_path": "Dla zwierząt/Dla kota/Karmy mokre/Produkt 14"}
{"name": "Produkt 15", "url": "https://zakupy.biedronka.pl/felix-felix-duo-karma-dla-kotow-wiejskie-smaki-w-galaretce-4-x-85-g-340-g-0000021319.html", "title": "Felix Duo Karma dla kotów wiejskie smaki w galaretce (4 x 85 g) 340 g", "brand": "Felix", "price": "9.99 PLN", "packaging_details": "0.34kg- 29,38 zł / kg", "description_sections": [{"header": "Opis produktu", "content": "Pełnoporcjowa karma dla dorosłych kotów. Karma odpowiednia także dla kotów wysterylizowanych.Subrand:Duo"}, {"header": "Składniki i alergeny", "content": "Składniki:z pyszną mieszanką Wołowiny i Drobiu w Galaretce: mięso i produkty pochodzenia zwierzęcego* (14%, w tym wołowina 2% i drób 2%), roślinne ekstrakty białkowe,rybyi produktyrybne, składniki mineralne, cukry,z pyszną mieszanką Kurczaka i Cynaderek w Galaretce: mięso i produkty pochodzenia zwierzęcego* (14%, w tym kurczak 2%, nerka 2%), roślinne ekstrakty białkowe,rybyi produktyrybne, składniki mineralne, cukry,z pyszną mieszanką Jagnięciny i Cielęciny w Galaretce: mięso i produkty pochodzenia zwierzęcego* (14%, w tym jagnięcina 2%, cielęcina 2%), roślinne ekstrakty białkowe,rybyi produktyrybne, składniki mineralne, cukry,z pyszną mieszanką Indyka i Wątróbki w Galaretce: mięso i produkty pochodzenia zwierzęcego* (14%, w tym indyk 2% i wątróbka 2%), roślinne ekstrakty białkowe,rybyi produktyrybne, składniki mineralne, cukry,*kawałki: 44% mięsa i produktów pochodzenia zwierzęcego"}, {"header": "Przechowywanie i sposób przygotowania", "content": "Sposób podania:Zalecenia żywieniowe: Przeciętnemu dorosłemu kotu, ważącemu ok. 4 kg, zaleca się podawanie 4 saszetek w ciągu dnia, w co najmniej 2 oddzielnych posiłkach. Podane normy ilości karmy dla kotów dorosłych odnoszą się do zwierząt umiarkowanie aktywnych w normalnej temperaturze otoczenia. Indywidualne potrzeby różnią się, a ilość podawanej karmy powinna zostać dostosowana tak, aby utrzymać prawidłową, szczupłą sylwetkę Twojego kota. Podawać w temperaturze pokojowej. Zwierzę powinno mieć stały dostęp do czystej, świeżej wody do picia.Przeciętnemu dorosłemu wysterylizowanemu kotu, ważącemu ok. 4 kg, zaleca się podawanie 3 saszetek w ciągu dnia, w co najmniej 2 oddzielnych posiłkach."}, {"header": "Pozostałe informacje", "content": "Nazwa wymagana prawnie:Felix Duo Karma dla kotów wiejskie smaki w galaretce 340 g (4 x 85 g)"}], "images": ["data/images/3feda96f376c0776f6659cf00cc4a4df.jpg"], "absolute_path": "Dla zwierząt/Dla kota/Karmy mokre/Produkt 15"}
{"name": "Produkt 19", "url": "https://zakupy.biedronka.pl/gourmet-gourmet-gold-karma-dla-kotow-losos-i-kurczak-w-sosie-z-pomidorami-85-g-0000007551.html", "title": "Gourmet Gold Karma dla kotów łosoś i kurczak w sosie z pomidorami 85 g", "brand": "Gourmet", "price": "3.49 PLN", "packaging_details": "0.085kg- 41,06 zł / kg", "description_sections": [{"header": "Opis produktu", "content": "Pełnoporcjowa karma dla dorosłych kotów.Subrand:Gold"}, {"header": "Składniki i alergeny", "content": "Składniki:mięso i produkty pochodzenia zwierzęcego (21 %, w tym kurczak 4 %),zboża,rybyi produktyrybne(łosoś4 %),minerały,cukry"}, {"header": "Przechowywanie i sposób przygotowania", "content": "Sposób podania:Zalecenia żywieniowe: Przeciętnemu dorosłemu kotu, ważącemu ok. 4 kg, zaleca się podawanie 4 puszek w ciągu dnia, w co najmniej 2-3 oddzielnych posiłkach. Podane normy ilości karmy dla kotów dorosłych odnoszą się do zwierząt umiarkowanie aktywnych w normalnej temperaturze otoczenia. Indywidualne potrzeby różnią się, a ilość podawanej karmy powinna zostać dostosowana tak, aby utrzymać prawidłową, szczupłą sylwetkę Twojego kota. Podawać w temperaturze pokojowej. Zwierzę powinno mieć stały dostęp do czystej, świeżej wody do picia."}, {"header": "Pozostałe informacje", "content": "Producent:Nestlé Polska S.A.\nul. Domaniewska 32\n02-672 WarszawaNazwa wymagana prawnie:Gourmet Gold Karma dla kotów łosoś i kurczak w sosie z pomidorami 85 g"}], "images": ["data/images/39c099d6e1f31764e6cb2e0672cbc83a.jpg"], "absolute_path": "Dla zwierząt/Dla kota/Karmy mokre/Produkt 19"}
{"name": "Produkt 17", "url": "https://zakupy.biedronka.pl/whiskas-whiskas-w-galaretce-z-kaczka-400-g-0000009476.html", "title": "Whiskas W galaretce z kaczką 400 g", "brand": "Whiskas", "price": "7.99 PLN", "packaging_details": "0.4kg- 19,98 zł / kg", "description_sections": [{"header": "Opis produktu", "content": "Starasz się, aby każdego dnia twój kot jadał smacznie i pożywnie? Specjaliści whiskas przygotowali pyszny posiłek whiskas sucha karma z tuńczykiem. Treściwy pokarm pełny jest soczystych kawałków mięsa. Danie jest źródłem białka i niezbędnych tłuszczy, dzięki którym kości, zęby i dziąsła twojego kota będą zdrowe i mocne. Dzięki witaminom b1 i e, twój przyjaciel będzie zawsze w dobrym nastroju do zabaw, a niezbędne mikroelementy pomogą mu nabrać energii na każdy kolejny dzień. Specjalnie dobrane kąski przepysznego mięsa dostarczą twemu kotu niezwykłej przyjemności jedzenia."}, {"header": "Składniki i alergeny", "content": "Składniki:mięso i produkty pochodzenia zwierzęcego (w tym 4% kaczki w kawałkach*), zboża, substancje mineralne, roślinne ekstrakty białkowe, cukry. *Kawałki zwykle stanowią 40% produktu. Składniki analityczne (%): białko: 6.7; zawartość tłuszczu: 3.2; materia nieorganiczna: 1.2; włókno surowe: 0.20; wilgotność: 83.7; wapń: 0.17; fosfor: 0.12. Dodatki / 1kg: Dodatki dietetyczne: Witamina B₁: 31.5 mg, Witamina D₃: 250 IU, Witamina E: 21.0 mg, Tauryna: 650 mg, Miedź (Pięciowodny siarczanu miedzi(II)): 0.64 mg, Jod (jodan wapnia, bezwodny): 0.22 mg, Żelazo (siarczan żelaza (II), jednowodny): 10.9 mg, Mangan (siarczan manganawy, jednowodny): 2.2 mg, Cynk (siarczan cynku, jednowodny): 16.8 mg / Dodatki technologiczne: Guma kasja: 2100 mg."}, {"header": "Pozostałe informacje", "content": "Kraj pochodzenia:PolskaKraj pochodzenia zależy od konkretnej partii produktu jaka znajduje się w sklepie. Informację o kraju pochodzenia znajdziesz na opakowaniu. Możesz również dodać komentarz z preferowanym typem produktu w koszyku lub wiadomości dla shoppera (np. “prosze o pomidory polskie”).Nazwa wymagana prawnie:Mokra karma pełnoporcjowa dla dorosłych kotów z kaczką"}], "images": ["data/images/36cf142366ce3ea982ed1640bbd84b5e.jpg"], "absolute_path": "Dla zwierząt/Dla kota/Karmy mokre/Produkt 17"}
{"name": "Produkt 18", "url": "https://zakupy.biedronka.pl/gourmet-gourmet-perle-karma-dla-kotow-duet-4-x-85-g-340-g-0000007547.html", "title": "Gourmet Perle Karma dla kotów duet (4 x 85 g) 340 g", "brand": "Gourmet", "price": "12.99 PLN", "packaging_details": "0.34kg- 38,21 zł / kg", "description_sections": [{"header": "Opis produktu", "content": "Pełnoporcjowa karma dla dorosłych kotów.Subrand:Perle"}, {"header": "Składniki i alergeny", "content": "Składniki:z kurczakiem i wołowiną: mięso i produkty pochodzenia zwierzęcego (18 %, w tym kurczak 6 %, wołowina 4 %), roślinne ekstrakty białkowe,rybyi produktyrybne, minerały, cukry,z indykiem i jagnięciną: mięso i produkty pochodzenia zwierzęcego (20 %, w tym indyk 4 %, jagnięcina 4 %), roślinne ekstrakty białkowe,rybyi produktyrybne, minerały, cukry,z cielęciną i kaczką: mięso i produkty pochodzenia zwierzęcego (19 %, w tym cielęcina 4 %, kaczka 4 %), roślinne ekstrakty białkowe,rybyi produktyrybne, minerały, cukry,z królikiem i dziczyzną: mięso i produkty pochodzenia zwierzęcego (20 %, w tym królik 4 %, dziczyzna 4 %), roślinne ekstrakty białkowe,rybyi produktyrybne, minerały, cukry"}, {"header": "Przechowywanie i sposób przygotowania", "content": "Sposób podania:Zalecenia żywieniowe: Przeciętnemu dorosłemu kotu, ważącemu ok. 4 kg, zaleca się podawanie 3 do 4 saszetek w ciągu dnia, w co najmniej 2-3 oddzielnych posiłkach. Podane normy ilości karmy dla kotów dorosłych odnoszą się do zwierząt umiarkowanie aktywnych w normalnej temperaturze otoczenia. Indywidualne potrzeby różnią się, a ilość podawanej karmy powinna zostać dostosowana tak, aby utrzymać prawidłową, szczupłą sylwetkę Twojego kota. Podawać w temperaturze pokojowej. Zwierzę powinno mieć stały dostęp do czystej, świeżej wody do picia."}, {"header": "Pozostałe informacje", "content": "Producent:Nestlé Polska S.A., \nul. Domaniewska 32, \n02-672 Warszawa\n801 315 005\ncs@pl.nestle.com\nwww.purina.plNazwa wymagana prawnie:Gourmet Perle Karma dla kotów duet 340 g (4 x 85 g)"}], "images": ["data/images/d52d1017f0f5d35926c54a6ceb6f80df.jpg", "data/images/d20c1e7f6bec230a43562871cea37e8c.jpg"], "absolute_path": "Dla zwierząt/Dla kota/Karmy mokre/Produkt 18"}
{"name": "Produkt 16", "url": "https://zakupy.biedronka.pl/felix-felix-soup-original-uzupelniajaca-karma-dla-kota-zestaw-zup-6-x-48-g-0000009216.html", "title": "Felix Soup Original Uzupełniająca karma dla kota zestaw zup 6 x 48 g", "brand": "Felix", "price": "11.99 PLN", "packaging_details": "0.288kg- 41,63 zł / kg", "description_sections": [{"header": "Opis produktu", "content": "Uzupełniająca karma dla dorosłych kotów.Felix Soup Original to zestaw ekscytująco pysznych zup dla Twojego kota, którym nie sposób się oprzeć. Twój mały psotnik pokocha pałaszowanie pysznego rosołu, w którym natknie się na soczyste kawałki. Każda gotowa do spożycia saszetka Felix Soup Original jest idealnej wielkości, aby dodać Twojemu kotu ochoty do psot o każdej porze dnia. Urozmaicaj dzień swojego kota dzięki nieodparcie smakowitym recepturom Felix Soup Original, które stanowią doskonałe uzupełnienie jego diety.Subrand:Soup"}, {"header": "Składniki i alergeny", "content": "Składniki:z wołowiną: mięso i produkty pochodzenia zwierzęcego (w tym wołowina 4 %), roślinne ekstrakty białkowe,rybyi produktyrybne, cukry, produkty pochodzenia roślinnego, drożdże. Dodatki: aromaty,z kurczakiem: mięso i produkty pochodzenia zwierzęcego (w tym kurczak 4 %), roślinne ekstrakty białkowe,rybyi produktyrybne, minerały, produkty pochodzenia roślinnego, cukry, drożdże. Dodatki: aromaty,z jagnięciną: mięso i produkty pochodzenia zwierzęcego (w tym jagnięcina 4 %), roślinne ekstrakty białkowe,rybyi produktyrybne, cukry, minerały, produkty pochodzenia roślinnego, drożdże. Dodatki: aromaty"}, {"header": "Przechowywanie i sposób przygotowania", "content": "Sposób podania:Zalecenia żywieniowe: Kotu ważącemu 4 kg nalej zawartość saszetki do miski i podawaj jedną saszetkę dziennie, jako uzupełnienie do innych pełnoporcjowych produktów Purina. Dla zdrowia Twojego kota przestrzegaj wskazówek dotyczących karmienia. Podawać w temperaturze pokojowej. Ten produkt jest posiłkiem uzupełniającym o wysokiej wilgotności: część dziennego zalecanego spożycia wody przez Twojego kota zostanie dostarczona poprzez spożycie tego produktu. Świeża, czysta woda do picia powinna być zawsze dostępna."}, {"header": "Pozostałe informacje", "content": "Producent:Nestlé Polska S.A.,\nul. Domaniewska 32,\n02-672 WarszawaNazwa wymagana prawnie:Felix Soup Original Uzupełniająca karma dla kota zestaw zup 6 x 48 g"}], "images": ["data/images/6dc4e7a816cdcaa65bc511b68b9ee91b.jpg", "data/images/eb0732e3fb1163487cd265d91079c160.jpg", "data/images/2739e2fdb037fbfec49b743e8b07d688.jpg", "data/images/da748d93b902666a2d6cbd8b00232e84.jpg"], "absolute_path": "Dla zwierząt/Dla kota/Karmy mokre/Produkt 16"}
{"name": "Produkt 20", "url": "https://zakupy.biedronka.pl/sheba-sheba-mokra-karma-dla-doroslych-kotow-frykasy-z-indykiem-i-warzywami-sauce-collection-85-g-0000007950.html", "title": "Sheba Mokra karma dla dorosłych kotów frykasy z indykiem i warzywami Sauce Collection 85 g", "brand": "Sheba", "price": "3.49 PLN", "packaging_details": "0.085kg- 41,06 zł / kg", "description_sections": [{"header": "Opis produktu", "content": "Mokra karma pełnoporcjowa dla dorosłych kotów.Subrand:Sauce Collection"}, {"header": "Składniki i alergeny", "content": "Składniki:mięso i produkty pochodzenia zwierzęcego* (w tym indyk 4 % w kawałkach**),warzywa (4 %),produkty pochodzenia roślinnego,zboża,oleje i tłuszcze,substancje mineralne,cukry,roślinne ekstrakty białkowe,mlekoi produktymleczne,*94 % naturalnego pochodzenia,**kawałki stanowią 43 % produktu"}, {"header": "Przechowywanie i sposób przygotowania", "content": "Sposób podania:Sposób karmienia: Kot o masie ciała 3 kg potrzebuje 2½-3 tacek dziennie, kot o masie ciała 4 kg potrzebuje 3-3½ tacki dziennie, kot o masie ciała 5 kg potrzebuje 3½ - 4 tacek dziennie. 1 tackę można zastąpić 18-21 g karmy suchej. Należy dostosować ilość karmy do potrzeb kota. Zapewnij świeżą wodę do picia. Podawać o temperaturze pokojowej, niewykorzystaną część przechowywać w lodówce do 2 dni."}, {"header": "Pozostałe informacje", "content": "Producent:Mars Polska sp. z o.o.,\nKożuszki Parcel 42,\n96-500 Sochaczew\n0-801 10 63 63,\nwww.sheba.plDystrybutor:Mars Polska sp. z o.o.Kożuszki Parcel 42 96-500 SochaczewNazwa wymagana prawnie:Sheba Sauce Collection Mokra karma dla dorosłych kotów frykasy z indykiem i warzywami 85 g"}], "images": ["data/images/fbd7fd314a5f7e711a335b37f855282e.jpg"], "absolute_path": "Dla zwierząt/Dla kota/Karmy mokre/Produkt 20"}
{"name": "Produkt 24", "url": "https://zakupy.biedronka.pl/sheba-sheba-delicacy-mokra-karma-dla-doroslych-kotow-mix-smakow-4-x-85-g-340-g-0000004755.html", "title": "Sheba Delicacy Mokra karma dla dorosłych kotów mix smaków (4 x 85 g) 340 g", "brand": "Sheba", "price": "12.99 PLN", "packaging_details": "0.34kg- 38,21 zł / kg", "description_sections": [{"header": "Opis produktu", "content": "Mokra karma pełnoporcjowa dla dorosłych kotów.Subrand:Delicacy"}, {"header": "Składniki i alergeny", "content": "Składniki:z łososiem: mięso i produkty pochodzenia zwierzęcego* (95 % naturalnego pochodzenia),rybyi produktyrybne* (w tymłosoś4 % w kawałkach**), substancje mineralne, roślinne ekstrakty białkowe, cukry*naturalny,z białą rybą: mięso i produkty pochodzenia zwierzęcego* (95 % naturalnego pochodzenia),rybyi produktyrybne* (w tym białaryba4 % w kawałkach**), substancje mineralne, roślinne ekstrakty białkowe, cukry*naturalny,z kurczakiem: mięso i produkty pochodzenia zwierzęcego* (w tym kurczak 4 % w kawałkach**), substancje mineralne, roślinne ekstrakty białkowe, cukry*95 % naturalnego pochodzenia,z indykiem: mięso i produkty pochodzenia zwierzęcego* (w tym indyk 4 % w kawałkach**), substancje mineralne, roślinne ekstrakty białkowe, cukry*95 % naturalnego pochodzenia,**kawałki stanowią 40 % produktu"}, {"header": "Przechowywanie i sposób przygotowania", "content": "Sposób podania:Sposób karmienia: Kot o masie ciała 3 kg potrzebuje 3 - 3½ saszetki dziennie, kot o masie ciała 4 kg potrzebuje 3½- 4 saszetek dziennie, kot o masie ciała 5 kg potrzebuje 4 - 4½ saszetki dziennie. 1 saszetkę można zastąpić 15 - 17 g karmy suchej. Należy dostosować ilość karmy do potrzeb kota. Zapewnij świeżą wodę do picia. Podawać o temperaturze pokojowej, niewykorzystaną część przechowywać w lodówce do 2 dni."}, {"header": "Pozostałe informacje", "content": "Nazwa wymagana prawnie:Sheba Delicacy Mokra karma dla dorosłych kotów mix smaków 340 g (4 x 85 g)"}], "images": ["data/images/a5aa4030f74b62a1ba360325460279e6.jpg"], "absolute_path": "Dla zwierząt/Dla kota/Karmy mokre/Produkt 24"}
{"name": "Produkt 22", "url": "https://zakupy.biedronka.pl/sheba-sheba-mokra-karma-dla-doroslych-kotow-z-cielecina-w-jasnym-sosie-sauce-collection-85-g-0000012501.html", "title": "Sheba Mokra karma dla dorosłych kotów z cielęciną w jasnym sosie Sauce Collection 85 g", "brand": "Sheba", "price": "3.49 PLN", "packaging_details": "0.085kg- 41,06 zł / kg", "description_sections": [{"header": "Opis produktu", "content": "Mokra karma pełnoporcjowa dla dorosłych kotów.Subrand:Sauce Collection"}, {"header": "Składniki i alergeny", "content": "Składniki:mięso i produkty pochodzenia zwierzęcego* (w tym cielęcina 4 % w kawałkach**),produkty pochodzenia roślinnego,zboża,oleje i tłuszcze,substancje mineralne,cukry,roślinne ekstrakty białkowe,mlekoi produktymleczne,*94 % naturalnego pochodzenia,**Kawałki stanowią 48 % produktu"}, {"header": "Przechowywanie i sposób przygotowania", "content": "Sposób podania:Sposób karmienia: Kot o masie ciała 3 kg potrzebuje 2½ - 3 tacek dziennie, kot o masie ciała 4 kg potrzebuje 3 - 3½ tacki dziennie, kot o masie ciała 5 kg potrzebuje 3½ - 4 tacek dziennie. 1 tackę można zastąpić 18 - 21 g karmy suchej. Należy dostosować ilość karmy do potrzeb kota. Zapewnij świeżą wodę do picia. Podawać o temperaturze pokojowej, niewykorzystaną część przechowywać w lodówce do 2 dni."}, {"header": "Pozostałe informacje", "content": "Producent:Mars Polska sp. z o.o.,\nKożuszki Parcel 42,\n96-500 Sochaczew\n0-801 10 63 63,\nwww.sheba.plDystrybutor:Mars Polska sp. z o.o.Kożuszki Parcel 42 96-500  SochaczewNazwa wymagana prawnie:Sheba Sauce Collection Mokra karma dla dorosłych kotów z cielęciną w jasnym sosie 85 g"}], "images": ["data/images/145ffb4e4684c41c2afcf9454a9b2d26.jpg"], "absolute_path": "Dla zwierząt/Dla kota/Karmy mokre/Produkt 22"}
{"name": "Produkt 23", "url": "https://zakupy.biedronka.pl/whiskas-whiskas-tasty-mix-mokra-karma-dla-doroslych-kotow-kolekcja-wiejskich-smakow-sos-8-x-85-g-680-g-0000009713.html", "title": "Whiskas Tasty Mix Mokra karma dla dorosłych kotów kolekcja wiejskich smaków sos (8 x 85 g) 680 g", "brand": "Whiskas", "price": "16.99 PLN", "packaging_details": "0.68kg- 24,99 zł / kg", "description_sections": [{"header": "Opis produktu", "content": "Mokra karma pełnoporcjowa dla dorosłych kotów.Wspiera zdrową witalnośćSubrand:Tasty Mix"}, {"header": "Składniki i alergeny", "content": "Składniki:Mokra karma dla dorosłych kotów z jagnięciną, kurczakiem i marchewką: mięso i produkty pochodzenia zwierzęcego (34 %, w tym 4 % jagnięciny i 4 % kurczaka w kawałkach*), zboża, produkty pochodzenia roślinnego, warzywa (w tym suszona marchewka 0,6 %, co odpowiada zawartości marchewki 4 %), substancje mineralne, roślinne ekstrakty białkowe, cukry,Mokra karma dla dorosłych kotów z kurczakiem i indykiem: mięso i produkty pochodzenia zwierzęcego (34 %, w tym 4 % kurczaka i 4 % indyka w kawałkach*), zboża, produkty pochodzenia roślinnego, substancje mineralne, roślinne ekstrakty białkowe, cukry,Mokra karma dla dorosłych kotów z kaczką: mięso produkty pochodzenia zwierzęcego (34 %, w tym 4 % kaczki w kawałkach*), zboża, warzywa (w tym suszony groszek 1,2 %, co odpowiada zawartości groszku 4 %), produkty pochodzenia roślinnego, substancje mineralne, roślinne ekstrakty białkowe, cukry,Mokra karma dla dorosłych kotów z wołowiną i drobiem: mięso i produkty pochodzenia zwierzęcego (34 %, w tym 4 % wołowiny i 4 % drobiu w kawałkach*), zboża, produkty pochodzenia roślinnego, substancje mineralne, roślinne ekstrakty białkowe, cukry,*Kawałki zwykle stanowią 40 % produktu"}, {"header": "Przechowywanie i sposób przygotowania", "content": "Sposób podania:1x saszetka można zastąpić 16 g karmy suchej Whiskas.Kot o masie ciała 3 kg potrzebuje 2½ - 3 saszetki dziennie, kot o masie ciała 4 kg potrzebuje 3½ - 4 saszetek dziennie, kot o masie ciała 5 kg potrzebuje 4 - 4½ saszetki dziennie. Należy uwzględnić kalorie pochodzące z przysmaków. Ilości karmy są podane wyłącznie jako wskazówki. Należy dostosować ilość karmy do wieku, rozmiaru i poziomu aktywności kota. Podzielić na porcje do podania w ciągu dnia. Aby uzyskać więcej informacji, odwiedź naszą stronę internetową. Zapewnij świeżą wodę do picia. Podawać o temperaturze pokojowej, niewykorzystaną część przechowywać w lodówce do 2 dni."}, {"header": "Pozostałe informacje", "content": "Producent:Mars Polska sp. z o.o.,\nKożuszki Parcel 42,\n96-500 Sochaczew\n0-801 10 63 63,\nwww.whiskas.plDystrybutor:Mars Polska sp. z o.o.Kożuszki Parcel 42 96-500 SochaczewNazwa wymagana prawnie:Whiskas Tasty Mix Mokra karma dla dorosłych kotów kolekcja wiejskich smaków sos 680 g (8 x 85 g)"}], "images": ["data/images/fbfd87a01eedd843e71ece774a6e3109.jpg"], "absolute_path": "Dla zwierząt/Dla kota/Karmy mokre/Produkt 23"}
{"name": "Produkt 21", "url": "https://zakupy.biedronka.pl/gourmet-gourmet-karma-dla-kotow-przepisy-szefa-kuchni-a-la-carte-4-x-85-g-340-g-0000007546.html", "title": "Gourmet Karma dla kotów przepisy szefa kuchni A La Carte (4 x 85 g) 340 g", "brand": "Gourmet", "price": "12.99 PLN", "packaging_details": "0.34kg- 38,21 zł / kg", "description_sections": [{"header": "Opis produktu", "content": "Pełnoporcjowa karma dla dorosłych kotów.GOURMET A La Carte codziennie wykwintne produkty inspirowane przez Szefa Kuchni GOURMET.Subrand:A La Carte"}, {"header": "Składniki i alergeny", "content": "Składniki:Z kurczakiem w przybraniu ze szpinakiem i makaronem perłowym: mięso i produkty pochodzenia zwierzęcego (17 %, w tym kurczak 4 %), roślinne ekstrakty białkowe,rybyi produktyrybne, minerały, produkty piekarnicze (makaron 0.4 %), warzywa (odwodniony szpinak 0.3 %, odpowiada 2.7 % szpinaku), cukry,Z pstrągiem, pomidorem i marchewką À La Julienne: mięso i produkty pochodzenia zwierzęcego, roślinne ekstrakty białkowe,rybyi produktyrybne(pstrąg 4 %), warzywa (odwodnione pomidory 0.7 %, odpowiada 6.3 % pomidorów; odwodniona marchew 0.5 %, odpowiada 4.5 % marchwi), minerały, cukry,Z wołowiną A La Primavera, z marchewką, pomidorem i cukinią: mięso i produkty pochodzenia zwierzęcego (14 %, w tym wołowina 4 %), roślinne ekstrakty białkowe,rybyi produktyrybne, warzywa (odwodnione pomidory 0.7 %, odpowiada 6.3 % pomidorów; odwodniona marchew 0.5 %, odpowiada 4.5 % marchwi; odwodniona cukinia 0.5 %, odpowiada 4.5 % cukinii), minerały, cukry,Z rybą dorszowatą À La Florentine, w sosie ze szpinakiem i marchewką: mięso i produkty pochodzenia zwierzęcego, roślinne ekstrakty białkowe,rybyi produktyrybne(dorszczarny 4 %), warzywa (odwodniona marchew 0.5 %, odpowiada 4 % marchwi w sosie; odwodniony szpinak 0.3 %, odpowiada 4 % szpinaku w sosie), minerały, cukry"}, {"header": "Przechowywanie i sposób przygotowania", "content": "Sposób podania:Zalecenia żywieniowe: Przeciętnemu dorosłemu kotu, ważącemu ok. 4 kg, zaleca się podawanie 3 do 4 saszetek w ciągu dnia, w co najmniej 2-3 oddzielnych posiłkach. Podane normy ilości karmy dla kotów dorosłych odnoszą się do zwierząt umiarkowanie aktywnych w normalnej temperaturze otoczenia. Indywidualne potrzeby różnią się, a ilość podawanej karmy powinna zostać dostosowana tak, aby utrzymać prawidłową, szczupłą sylwetkę Twojego kota. Podawać w temperaturze pokojowej. Zwierzę powinno mieć stały dostęp do czystej, świeżej wody do picia."}, {"header": "Pozostałe informacje", "content": "Producent:Nestlé Polska S.A.,\nul. Domaniewska 32,\n02-672 Warszawa\n\n801 315 005\nwww.purina.pl\ncs@pl.nestle.comNazwa wymagana prawnie:Gourmet A La Carte Karma dla kotów przepisy szefa kuchni 340 g (4 x 85 g)"}], "images": ["data/images/4619b3d1c1ef4e38e9900fb922388556.jpg", "data/images/dfa92c9efe972ee4f5687517ef988193.jpg", "data/images/7c6fb0928c4fce3e6b31d5f982d4b064.jpg"], "absolute_path": "Dla zwierząt/Dla kota/Karmy mokre/Produkt 21"}
{"name": "Produkt 27", "url": "https://zakupy.biedronka.pl/gourmet-gourmet-gold-karma-dla-kotow-mus-z-tunczykiem-85-g-0000007556.html", "title": "Gourmet Gold Karma dla kotów mus z tuńczykiem 85 g", "brand": "Gourmet", "price": "3.49 PLN", "packaging_details": "0.085kg- 41,06 zł / kg", "description_sections": [{"header": "Opis produktu", "content": "Pełnoporcjowa karma dla dorosłych kotów.Subrand:Gold"}, {"header": "Składniki i alergeny", "content": "Składniki:mięso i produkty pochodzenia zwierzęcego,rybyi produktyrybne(tuńczyk4 %),minerały,produkty pochodzenia roślinnego,cukry"}, {"header": "Przechowywanie i sposób przygotowania", "content": "Sposób podania:Zalecenia żywieniowe: Przeciętnemu dorosłemu kotu, ważącemu ok. 4 kg, zaleca się podawanie 2-3 puszek w ciągu dnia, w co najmniej 2-3 oddzielnych posiłkach. Podane normy ilości karmy dla kotów dorosłych odnoszą się do zwierząt umiarkowanie aktywnych w normalnej temperaturze otoczenia. Indywidualne potrzeby różnią się, a ilość podawanej karmy powinna zostać dostosowana tak, aby utrzymać prawidłową, szczupłą sylwetkę Twojego kota. Podawać w temperaturze pokojowej. Zwierzę powinno mieć stały dostęp do czystej, świeżej wody do picia."}, {"header": "Pozostałe informacje", "content": "Producent:Nestlé Polska S.A.\nul. Domaniewska 32\n02-672 WarszawaNazwa wymagana prawnie:Gourmet Gold Karma dla kotów mus z tuńczykiem 85 g"}], "images": ["data/images/906f41cc1003e4204db3f322220106c7.jpg"], "absolute_path": "Dla zwierząt/Dla kota/Karmy mokre/Produkt 27"}
{"name": "Produkt 26", "url": "https://zakupy.biedronka.pl/sheba-sheba-fresh-cuisine-taste-of-paris-mokra-karma-dla-kotow-300-g-6-x-50-g-0000022832.html", "title": "Sheba Fresh Cuisine Taste of Paris Mokra karma dla kotów 300 g (6 x 50 g)", "brand": "Sheba", "price": "13.49 PLN", "packaging_details": "0.3kg- 44,97 zł / kg", "description_sections": [{"header": "Opis produktu", "content": "Mokra karma pełnoporcjowa dla dorosłych kotów.Zachwyć swojego kota jedzeniem inspirowanym najbardziej kulinarnymi metropoliami na całym świecie.Ze zrównoważonych połowów posiadających certyfikat MSC. www.msc.org\\pl MSC-C-5278044 kcal 50 gSubrand:Fresh Cuisine"}, {"header": "Składniki i alergeny", "content": "Składniki:z wołowiną: mięso i produkty pochodzenia zwierzęcego (45 %, w tym wołowina 4 %), produkty pochodzenia roślinnego, warzywa (w tym suszona marchewka 0.5 %, co odpowiada zawartości marchewki 4 %), substancje mineralne, cukry,z białą rybą: mięso i produkty pochodzenia zwierzęcego (40 %),rybyi produktyrybne(w tym białaryba4 %), produkty pochodzenia roślinnego, substancje mineralne, zboża (w tym suszona marchewka 0.5 %, co odpowiada zawartości marchewki 4 %), cukry"}, {"header": "Przechowywanie i sposób przygotowania", "content": "Sposób podania:Sposób karmienia: Należy uwzględnić kalorie pochodzące z przysmaków. Należy dostosować ilość karmy do potrzeb kota. Jak? Odwiedź naszą stronę internetową. Zapewnij świeżą wodę do picia. Podawać o temperaturze pokojowej, niewykorzystaną część przechowywać w lodówce do 2 dni."}, {"header": "Pozostałe informacje", "content": "Nazwa wymagana prawnie:Sheba Fresh Cuisine Taste of Paris Mokra karma dla kotów 300 g (6 x 50 g)"}], "images": ["data/images/1c6372d7a966dba5ece99710b2d649c9.jpg"], "absolute_path": "Dla zwierząt/Dla kota/Karmy mokre/Produkt 26"}
{"name": "Produkt 25", "url": "https://zakupy.biedronka.pl/sheba-sheba-selection-mokra-karma-dla-doroslych-kotow-w-sosie-soczyste-smaki-4-x-85-g-340-g-0000004758.html", "title": "Sheba Selection Mokra karma dla dorosłych kotów w sosie soczyste smaki (4 x 85 g) 340 g", "brand": "Sheba", "price": "12.99 PLN", "packaging_details": "0.34kg- 38,21 zł / kg", "description_sections": [{"header": "Opis produktu", "content": "Mokra karma pełnoporcjowa dla dorosłych kotów.Subrand:Selection"}, {"header": "Składniki i alergeny", "content": "Składniki:z kurczakiem i wołowiną: mięso i produkty pochodzenia zwierzęcego* (w tym kurczak 4 % i wołowina 4 % w kawałkach**), zboża, produkty pochodzenia roślinnego, warzywa, substancje mineralne, cukry,z kurczakiem: mięso i produkty pochodzenia zwierzęcego* (w tym kurczak 4 % w kawałkach**), produkty pochodzenia roślinnego, zboża, substancje mineralne, cukry,z jagnięciną: mięso i produkty pochodzenia zwierzęcego* (w tym jagnięcina 4 % w kawałkach**), zboża, produkty pochodzenia roślinnego, warzywa, substancje mineralne, cukry,z kaczką i indykiem: mięso i produkty pochodzenia zwierzęcego* (w tym kaczka 4 % i indyk 4 % w kawałkach**), produkty pochodzenia roślinnego, zboża, substancje mineralne, cukry,*93 % naturalnego pochodzenia,**Kawałki stanowią 43 % produktu"}, {"header": "Przechowywanie i sposób przygotowania", "content": "Sposób podania:Sposób karmienia: Kot o masie ciała 3 kg potrzebuje 2½ - 3 saszetki dziennie, kot o masie ciała 4 kg potrzebuje 3 - 3½ saszetki dziennie, kot o masie ciała 5 kg potrzebuje 3½ - 4 saszetki dziennie. 1 saszetkę można zastąpić 17-20 g karmy suchej. Należy dostosować ilość karmy do potrzeb kota. Zapewnij świeżą wodę do picia. Podawać o temperaturze pokojowej, niewykorzystaną część przechowywać w lodówce do 2 dni."}, {"header": "Pozostałe informacje", "content": "Nazwa wymagana prawnie:Sheba Selection Mokra karma dla dorosłych kotów w sosie soczyste smaki 340 g (4 x 85 g)"}], "images": ["data/images/c8cd7650dbb8df6c95fae58d4c9c123f.jpg"], "absolute_path": "Dla zwierząt/Dla kota/Karmy mokre/Produkt 25"}
{"name": "Produkt 29", "url": "https://zakupy.biedronka.pl/gourmet-gourmet-perle-karma-dla-kotow-mini-fileciki-w-sosie-indyk-kaczka-tunczyk-jagniecina-4-x-85-g-340-g-0000007548.html", "title": "Gourmet Perle Karma dla kotów mini fileciki w sosie indyk, kaczka, tuńczyk, jagnięcina (4 x 85 g) 340 g", "brand": "Gourmet", "price": "12.99 PLN", "packaging_details": "0.34kg- 38,21 zł / kg", "description_sections": [{"header": "Opis produktu", "content": "GOURMET™ Perle, elegancka pokusa dla wyjątkowych doznań smakowych każdego dnia.Wszystkie przepisy GOURMET™ Mini Fileciki w sosie są przygotowane z wysokiej jakości składników i bez dodatku barwników, bez dodatku sztucznych aromatów oraz bez dodatku sztucznych konserwantów."}, {"header": "Składniki i alergeny", "content": "Składniki:Skład: Z tuńczykiem: mięso i produkty pochodzenia zwierzęcego, roślinne ekstrakty białkowe,rybyi produktyrybne(tuńczyk4%), minerały, cukry. Z indykiem: mięso i produkty pochodzenia zwierzęcego (14%, w tym indyk 4%), roślinne ekstrakty białkowe,rybyi produktyrybne, minerały, cukry. Z jagnięciną: mięso i produkty pochodzenia zwierzęcego (16%, w tym jagnięcina 4%), roślinne ekstrakty białkowe,rybyi produktyrybne, minerały, cukry. Z kaczką: mięso i produkty pochodzenia zwierzęcego (14%, w tym kaczka 4%), roślinne ekstrakty białkowe,rybyi produktyrybne, minerały, cukry. Dodatki dietetyczne: IU/kg: wit. A: 700; wit. D3: 105; mg/kg: siarczan żelaza (II), monohydrat: (Fe: 8.0); bezwodny jodan wapnia: (I: 0.20); pentahydrat siarczanu miedzi (II): (Cu: 0.7); siarczan manganawy, monohydrat: (Mn: 1.5); jednowodny siarczan cynku: (Zn: 14.5); tauryna: 440. Aromaty. Składniki analityczne: wilgotność: 80,0%, białko: 13,0%, tłuszcz surowy: 2,5%, popiół surowy: 2,5%, włókno surowe: 0,05%."}, {"header": "Pozostałe informacje", "content": "Kraj pochodzenia:PolskaKraj pochodzenia zależy od konkretnej partii produktu jaka znajduje się w sklepie. Informację o kraju pochodzenia znajdziesz na opakowaniu. Możesz również dodać komentarz z preferowanym typem produktu w koszyku lub wiadomości dla shoppera (np. “prosze o pomidory polskie”).Producent:Nestlé Polska S.A.,\nul. Domaniewska 32,\n02-672 Warszawa\n801 315 005\ncs@pl.nestle.com\nwww.purina.plDystrybutor:Nestle Polska S.ADomaniewska 32 02-672 Warszawacs@pl.nestle.comNazwa wymagana prawnie:Pełnoporcjowa karma dla dorosłych kotów"}], "images": ["data/images/00fa1dd355a70e73f68da37216b0e895.jpg", "data/images/dfdfe147dd6e99365bdd1601e56c3147.jpg"], "absolute_path": "Dla zwierząt/Dla kota/Karmy mokre/Produkt 29"}
{"name": "Produkt 28", "url": "https://zakupy.biedronka.pl/felix-felix-fantastic-karma-dla-kotow-wiejskie-smaki-w-galaretce-4-x-85-g-340-g-0000008324.html", "title": "Felix Fantastic Karma dla kotów wiejskie smaki w galaretce (4 x 85 g) 340 g", "brand": "Felix", "price": "9.99 PLN", "packaging_details": "0.34kg- 29,38 zł / kg", "description_sections": [{"header": "Opis produktu", "content": "Pełnoporcjowa karma dla dorosłych kotów.Karma odpowiednia także dla kotów wysterylizowanych.Subrand:Fantastic"}, {"header": "Składniki i alergeny", "content": "Składniki:z Królikiem w Galaretce: mięso i produkty pochodzenia zwierzęcego* (14%, w tym królik 4%), roślinne ekstrakty białkowe,rybyi produktyrybne, składniki mineralne, cukry,z Jagnięciną w Galaretce: mięso i produkty pochodzenia zwierzęcego* (14%, w tym jagnięcina (4%), roślinne ekstrakty białkowe,rybyi produktyrybne, składniki mineralne, cukry,*kawałki: 44% mięsa i produktów pochodzenia zwierzęcego"}, {"header": "Przechowywanie i sposób przygotowania", "content": "Sposób podania:Zalecenia żywieniowe: Przeciętnemu dorosłemu kotu, ważącemu ok. 4 kg, zaleca się podawanie 4 saszetek w ciągu dnia, w co najmniej 2 oddzielnych posiłkach. Podane normy ilości karmy dla kotów dorosłych odnoszą się do zwierząt umiarkowanie aktywnych w normalnej temperaturze otoczenia. Indywidualne potrzeby różnią się, a ilość podawanej karmy powinna zostać dostosowana tak, aby utrzymać prawidłową, szczupłą sylwetkę Twojego kota. Podawać w temperaturze pokojowej. Zwierzę powinno mieć stały dostęp do czystej, świeżej wody do picia. Przeciętnemu dorosłemu wysterylizowanemu kotu, ważącemu ok. 4 kg, zaleca się podawanie 3 saszetek w ciągu dnia, w co najmniej 2 oddzielnych posiłkach."}, {"header": "Pozostałe informacje", "content": "Producent:Nestlé Polska S.A.,\nul. Domaniewska 32,\n02-672 Warszawa\nInfolinia: 801 315 005\ncs@pl.nestle.com\nwww.purina.plDystrybutor:Nestlé Polska S.A.ul. Domaniewska 32 02-672 Warszawacs@pl.nestle.com801 315 005Nazwa wymagana prawnie:Felix Fantastic Karma dla kotów wiejskie smaki w galaretce 340 g (4 x 85 g)"}], "images": ["data/images/d66720ded0cecbbf14411dbcb8657878.jpg", "data/images/9ef6b63366831ba5cf32824a86f627be.jpg", "data/images/fe68845c889a0d4092e4b7d66ee0f8ba.jpg", "data/images/ea356ff11dfebab2cbafa829b9acb856.jpg", "data/images/0e4c3bfc677bc5780487974ce000bf3f.jpg", "data/images/b01dbb547ef957b2c539b57368836c5e.jpg", "data/images/bc44c79c2dca49305e922d16f7e987c1.jpg", "data/images/4a074621f505ca68924494fc8ba18ece.jpg", "data/images/4d62a6fdc405a05c2f480f0d4f1d10f3.jpg", "data/images/950f6d40c2acb3dd2843e77c986cf32f.jpg"], "absolute_path": "Dla zwierząt/Dla kota/Karmy mokre/Produkt 28"}
{"name": "Produkt 31", "url": "https://zakupy.biedronka.pl/whiskas-whiskas-pure-delight-junior-mokra-karma-dla-kociat-drobiowe-frykasy-galaretka-6-x-85-g-510-g-0000002226.html", "title": "Whiskas Pure Delight Junior Mokra karma dla kociąt drobiowe frykasy galaretka (6 x 85 g) 510 g", "brand": "Whiskas", "price": "13.99 PLN", "packaging_details": "0.51kg- 23,32 zł / kg", "description_sections": [{"header": "Opis produktu", "content": "Mokra karma pełnoporcjowa dla kociąt.100 % dziennego zapotrzebowania Twojego kotkaBez użycia sztucznych barwników i konserwantówSubrand:Pure Delight"}, {"header": "Składniki i alergeny", "content": "Składniki:z kurczakiem: mięso i produkty pochodzenia zwierzęcego (25 %, 100 % naturalne*; w tym kurczak 4 % w kawałkach**), roślinne ekstrakty białkowe, substancje mineralne, cukry, produkty pochodzenia roślinnego,z indykiem: mięso i produkty pochodzenia zwierzęcego (25 %, 100 % naturalne*; w tym indyk 4 % w kawałkach**), roślinne ekstrakty białkowe, substancje mineralne, cukry, produkty pochodzenia roślinnego,*Składniki naturalnego pochodzenia,**Kawałki zwykle stanowią 40 % produktu"}, {"header": "Przechowywanie i sposób przygotowania", "content": "Sposób podania:1 x saszetka można zastąpić 19 g karmy suchej Whiskas.Sposób karmienia: Kocię w wieku ≤ 3 miesięcy potrzebuje 2½ - 3 saszetek dziennie, kocię w wieku 4-5 miesięcy potrzebuje 3 - 3½ saszetki dziennie, kocię w wieku 6-12 miesięcy potrzebuje 3½ - 4 saszetek dziennie. Należy uwzględnić kalorie pochodzące z przysmaków. Ilości karmy są podane wyłącznie jako wskazówki. Należy dostosować ilość karmy do wieku, rozmiaru i poziomu aktywności kocięcia. Podzielić na porcje do podania w ciągu dnia. Aby uzyskać więcej informacji, odwiedź naszą stronę internetową. Zapewnij świeżą wodę do picia. Podawać o temperaturze pokojowej, niewykorzystaną część przechowywać w lodówce do 2 dni."}, {"header": "Pozostałe informacje", "content": "Producent:Mars Polska sp. z o.o.,\nKożuszki Parcel 42,\n96-500 Sochaczew\n0-801 10 63 63,\nwww.whiskas.plNazwa wymagana prawnie:Whiskas Pure Delight Junior Mokra karma dla kociąt drobiowe frykasy galaretka 510 g (6 x 85 g)"}], "images": ["data/images/ea8f26443a0e1dfeb0f4d8df769e1b7a.jpg"], "absolute_path": "Dla zwierząt/Dla kota/Karmy mokre/Produkt 31"}
{"name": "Produkt 32", "url": "https://zakupy.biedronka.pl/sheba-sheba-fresh-cuisine-taste-of-tokyo-mokra-karma-dla-kotow-300-g-6-x-50-g-0000022833.html", "title": "Sheba Fresh Cuisine Taste of Tokyo Mokra karma dla kotów 300 g (6 x 50 g)", "brand": "Sheba", "price": "13.49 PLN", "packaging_details": "0.3kg- 44,97 zł / kg", "description_sections": [{"header": "Opis produktu", "content": "Mokra karma pełnoporcjowa dla dorosłych kotów.Zachwyć swojego kota jedzeniem inspirowanym najbardziej kulinarnymi metropoliami na całym świecie.Ze zrównoważonych połowów posiadających certyfikat MSC. www.msc.org\\pl MSC-C-5278044 kcal 50 gSubrand:Fresh Cuisine"}, {"header": "Składniki i alergeny", "content": "Składniki:z łososiem: mięso i produkty pochodzenia zwierzęcego (40 %),rybyi produktyrybne(w tymłosoś4 %), produkty pochodzenia roślinnego, substancje mineralne, zboża (w tym suszony ryż 0.5 %, co odpowiada zawartości ryżu 2 %), cukry,z tuńczykiem: mięso i produkty pochodzenia zwierzęcego (40 %),rybyi produktyrybne(w tymtuńczyk4 %), produkty pochodzenia roślinnego, substancje mineralne, zboża (w tym suszony ryż 0.5 %, co odpowiada zawartości ryżu 2 %), cukry"}, {"header": "Przechowywanie i sposób przygotowania", "content": "Sposób podania:Sposób karmienia: Należy uwzględnić kalorie pochodzące z przysmaków. Ilości karmy są podane wyłącznie jako wskazówki. Należy dostosować ilość karmy do wieku, rozmiaru i poziomu aktywności kota. Podzielić na porcje do podania w ciągu dnia. Aby uzyskać więcej informacji, odwiedź naszą stronę internetową. Zapewnij świeżą wodę do picia. Podawać o temperaturze pokojowej, niewykorzystaną część przechowywać w lodówce do 2 dni."}, {"header": "Pozostałe informacje", "content": "Nazwa wymagana prawnie:Sheba Fresh Cuisine Taste of Tokyo Mokra karma dla kotów 300 g (6 x 50 g)"}], "images": ["data/images/1fcac5bac0d43356c958db21c3116f25.jpg"], "absolute_path": "Dla zwierząt/Dla kota/Karmy mokre/Produkt 32"}
{"name": "Produkt 34", "url": "https://zakupy.biedronka.pl/kitty-kitty-karma-pelnoporcjowa-dla-doroslych-kotow-po-sterylizacji-z-wolowina-415-g-0000000704.html", "title": "Kitty Karma pełnoporcjowa dla dorosłych kotów po sterylizacji z wołowiną 415 g", "brand": "Kitty", "price": "2.49 PLN", "packaging_details": "0.415kg- 6,00 zł / kg", "description_sections": [{"header": "Opis produktu", "content": "Puszki Kitty to unikatowa kompozycja niezbędnych składników odżywczych i witamin, które pozwolą Twojemu kotu cieszyć się zdrowiem i doskonałą kondycją. To pełnoporcjowy posiłek zawierający m.in. cynk i biotynę dla lśniącej sierści, inulinę dla optymalnego trawienia i tak niezbędną taurynę wspierającą prawidłową pracę serca i dobry wzrok."}, {"header": "Składniki i alergeny", "content": "Składniki:Skład: mięso i produkty pochodzenia zwierzęcego 38% (4% wołowiny), zboża, roślinne ekstrakty białkowe, produkty pochodzenia roślinnego (0,2% inuliny), substancje mineralne, cukry. Składniki analityczne: wilgotność 82,0% białko surowe 8,0% zawartość tłuszczu 3,4% popiół surowy 2,0 % włókno surowe 0,7% Dodatki: Dodatki dietetyczne/ 1kg: witamina A 1300 j.m., witamina D3 140 j.m., witamina E 15 mg, cynk (jako jednowodny siarczan cynku) 10 mg, mangan (jako tlenek manganu (II)) 2,5 mg, tauryna 450 mg."}, {"header": "Pozostałe informacje", "content": "Kraj pochodzenia:CzechyKraj pochodzenia zależy od konkretnej partii produktu jaka znajduje się w sklepie. Informację o kraju pochodzenia znajdziesz na opakowaniu. Możesz również dodać komentarz z preferowanym typem produktu w koszyku lub wiadomości dla shoppera (np. “prosze o pomidory polskie”).Nazwa wymagana prawnie:Karma pełnoporcjowa dla dorosłych kotów po sterylizacji z wołowiną"}], "images": ["data/images/bda1e60017c4de8cdb55650a17cd4534.jpg"], "absolute_path": "Dla zwierząt/Dla kota/Karmy mokre/Produkt 34"}
{"name": "Produkt 33", "url": "https://zakupy.biedronka.pl/gourmet-gourmet-gold-karma-dla-kotow-pasztet-z-kawalkami-krolika-85-g-0000803528.html", "title": "Gourmet Gold Karma dla kotów pasztet z kawałkami królika 85 g", "brand": "Gourmet", "price": "3.49 PLN", "packaging_details": "85g- 0,04 zł / g", "description_sections": [{"header": "Opis produktu", "content": "GOURMET™ Gold Pasztet to smakowity pasztet z drobno posiekanymi kawałkami z królikiem, aby dostarczyć Twojemu kotu przyjemność z jedzenia.✅ Smakowity pasztet✅ Pełnoporcjowa karma dla dorosłych kotów.✅ Bez dodatku barwników✅ Bez dodatku sztucznych aromatów i konserwantów✅ Stworzone ze składnikami o wysokiej jakościSpraw swojemu kotu kulinarną przygodę, która zadowoli nawet najbardziej wybredne podniebienia! Wybierz GOURMET™  Pasztet  i obserwuj, jak Twój kot delektuje się każdym kęsem!Subrand:Gold"}, {"header": "Składniki i alergeny", "content": "Składniki:mięso i produkty pochodzenia zwierzęcego (54 %, w tym królik 4 %),minerały,cukry,produkty pochodzenia roślinnego"}, {"header": "Przechowywanie i sposób przygotowania", "content": "Sposób podania:Zalecenia żywieniowe: Przeciętnemu dorosłemu kotu, ważącemu ok. 4 kg, zaleca się podawanie 3 puszek w ciągu dnia, w co najmniej 2 oddzielnych posiłkach. Podane normy ilości karmy dla kotów dorosłych odnoszą się do zwierząt umiarkowanie aktywnych w normalnej temperaturze otoczenia. Indywidualne potrzeby różnią się, a ilość podawanej karmy powinna zostać dostosowana tak, aby utrzymać prawidłową, szczupłą sylwetkę Twojego kota. Podawać w temperaturze pokojowej. Zwierzę powinno mieć stały dostęp do czystej, świeżej wody do picia."}, {"header": "Pozostałe informacje", "content": "Producent:Nestlé Polska S.A.\nul. Domaniewska 32\n02-672 WarszawaDystrybutor:Jeronimo Martins Polska S.A.Żniwna 5 62-025 Kostrzyn PLImporter:Jeronimo Martins Polska S.A.Żniwna 5 62-025 Kostrzyn PLNazwa wymagana prawnie:Gourmet Gold Karma dla kotów pasztet z kawałkami królika 85 g"}], "images": ["data/images/3c7e529ee9ab26ac41086590ff320c3a.jpg"], "absolute_path": "Dla zwierząt/Dla kota/Karmy mokre/Produkt 33"}
{"name": "Produkt 30", "url": "https://zakupy.biedronka.pl/whiskas-whiskas-mokra-karma-dla-kotow-rybne-przysmaki-galaretka-8-x-85-g-680-g-0000009744.html", "title": "Whiskas Mokra karma dla kotów rybne przysmaki galaretka (8 x 85 g) 680 g", "brand": "Whiskas", "price": "16.99 PLN", "packaging_details": "0.68kg- 24,99 zł / kg", "description_sections": [{"header": "Opis produktu", "content": "Mokra karma pełnoporcjowa dla dorosłych kotów.Wsparcie naturalnych mechanizmów obronnychWspiera silne mięśnie"}, {"header": "Składniki i alergeny", "content": "Składniki:z łososiem: mięso i produkty pochodzenia zwierzęcego (33 %),rybyi produktyrybne(w tym 4 %łososiaw kawałkach*), zboża, substancje mineralne, produkty pochodzenia roślinnego, cukry,z tuńczykiem: mięso i produkty pochodzenia zwierzęcego (33 %),rybyi produktyrybne(w tym 4 %tuńczykaw kawałkach*), zboża, substancje mineralne, produkty pochodzenia roślinnego, cukry,z białą rybą: mięso i produkty pochodzenia zwierzęcego (33 %),rybyi produktyrybne(w tym 4 % białejrybyw kawałkach*), zboża, substancje mineralne, produkty pochodzenia roślinnego, cukry,z dorszem: mięso i produkty pochodzenia zwierzęcego (33 %),rybyi produktyrybne(w tym 4 %dorszaw kawałkach*), zboża, substancje mineralne, produkty pochodzenia roślinnego, cukry,*Kawałki zwykle stanowią 40 % produktu"}, {"header": "Przechowywanie i sposób przygotowania", "content": "Sposób podania:Sposób karmienia: Kot o masie ciała 3 kg potrzebuje 3 - 3½ saszetki dziennie, kot o masie ciała 4 kg potrzebuje 3½ - 4 saszetek dziennie, kot o masie ciała 5 kg potrzebuje 4 - 4½ saszetki dziennie. 1 saszetkę można zastąpić 16 g karmy suchej Whiskas. Należy uwzględnić kalorie pochodzące z przysmaków. Ilości karmy są podane wyłącznie jako wskazówki. Należy dostosować ilość karmy do wieku, rozmiaru i poziomu aktywności kota. Podzielić na porcje do podania w ciągu dnia. Aby uzyskać więcej informacji, odwiedź naszą stronę internetową. Zapewnij świeżą wodę do picia. Podawać o temperaturze pokojowej, niewykorzystaną część przechowywać w lodówce do 2 dni."}, {"header": "Pozostałe informacje", "content": "Producent:Mars Polska sp. z o.o.,\nKożuszki Parcel 42,\n96-500 Sochaczew\n0-801 10 63 63,\nwww.whiskas.plDystrybutor:Mars Polska sp. z o.o.Kożuszki Parcel 42 96-500 SochaczewNazwa wymagana prawnie:Whiskas Mokra karma dla kotów rybne przysmaki galaretka 680 g (8 x 85 g)"}], "images": ["data/images/f2bd4c7708c2fd2503282b5c9d67a30c.jpg"], "absolute_path": "Dla zwierząt/Dla kota/Karmy mokre/Produkt 30"}
{"name": "Produkt 38", "url": "https://zakupy.biedronka.pl/whiskas-whiskas-pure-delight-mokra-karma-dla-kotow-soczyste-kaski-galaretka-4-x-85-g-340-g-0000014739.html", "title": "Whiskas Pure Delight Mokra karma dla kotów soczyste kąski galaretka (4 x 85 g) 340 g", "brand": "Whiskas", "price": "7.99 PLN", "packaging_details": "0.34kg- 23,50 zł / kg", "description_sections": [{"header": "Opis produktu", "content": "Mokra karma pełnoporcjowa dla dorosłych kotów.100 % dziennego zapotrzebowania Twojego kotaBez użycia sztucznych barwników i konserwantówWyprodukowano z naturalnymi* składnikami. Białko wysokiej jakości.*Składniki naturalnego pochodzenia60 kcal 85 g"}, {"header": "Składniki i alergeny", "content": "Składniki:z wołowiną: mięso i produkty pochodzenia zwierzęcego (20 %, 97 % naturalnego pochodzenia*; w tym wołowina 4 % w kawałkach**), roślinne ekstrakty białkowe, substancje mineralne (0.7 %), cukry, produkty pochodzenia roślinnego,z kurczakiem: mięso i produkty pochodzenia zwierzęcego (21 %, 100 % naturalne*, w tym kurczak 4 % w kawałkach**), roślinne ekstrakty białkowe, substancje mineralne (0.7 %), cukry, produkty pochodzenia roślinnego,*Składniki naturalnego pochodzenia,**Kawałki zwykle stanowią 33 % produktu"}, {"header": "Przechowywanie i sposób przygotowania", "content": "Sposób podania:Sposób karmienia: Kot o masie ciała 3 kg potrzebuje 3-3½ saszetki dziennie, kot o masie ciała 4 kg potrzebuje 3½-4 saszetek dziennie, kot o masie ciała 5 kg potrzebuje 4-4½ saszetki dziennie. 1 saszetkę można zastąpić 16 g karmy suchej Whiskas. Należy uwzględnić kalorie pochodzące z przysmaków. Należy dostosować ilość karmy do potrzeb kota. Jak? Odwiedź naszą stronę internetową. Zapewnij świeżą wodę do picia. Podawać o temperaturze pokojowej, niewykorzystaną część przechowywać w lodówce do 2 dni."}, {"header": "Pozostałe informacje", "content": "Producent:Mars Polska sp. z o.o.,\nKożuszki Parcel 42,\n96-500 Sochaczew\n0-801 10 63 63,\nwww.whiskas.plNazwa wymagana prawnie:Whiskas Pure Delight Mokra karma dla kotów soczyste kąski galaretka 340 g (4 x 85 g)"}], "images": ["data/images/a554d78f52c3174968aef87be3ec4f43.jpg"], "absolute_path": "Dla zwierząt/Dla kota/Karmy mokre/Produkt 38"}
{"name": "Produkt 36", "url": "https://zakupy.biedronka.pl/whiskas-whiskas-mokra-karma-dla-doroslych-kotow-drobiowa-uczta-w-sosie-8-x-85-g-680-g-0000009747.html", "title": "Whiskas Mokra karma dla dorosłych kotów drobiowa uczta w sosie (8 x 85 g) 680 g", "brand": "Whiskas", "price": "16.99 PLN", "packaging_details": "0.68kg- 24,99 zł / kg", "description_sections": [{"header": "Opis produktu", "content": "Mokra karma pełnoporcjowa dla dorosłych kotów.Wsparcie naturalnych mechanizmów obronnychWspiera silne mięśnie"}, {"header": "Składniki i alergeny", "content": "Składniki:z kurczakiem: mięso i produkty pochodzenia zwierzęcego (34 %, w tym 4 % kurczaka w kawałkach), zboża, produkty pochodzenia roślinnego, substancje mineralne, cukry,z kaczką: mięso i produkty pochodzenia zwierzęcego (34 %, w tym 4 % kaczki w kawałkach *), zboża, produkty pochodzenia roślinnego, substancje mineralne, cukry,z drobiem: mięso i produkty pochodzenia zwierzęcego (34 %, w tym 4 % drobiu w kawałkach*), zboża, produkty pochodzenia roślinnego, substancje mineralne, cukry,z indykiem: mięso i produkty pochodzenia zwierzęcego (34 %, w tym 4 % indyka w kawałkach*), zboża, produkty pochodzenia roślinnego, substancje mineralne, cukry,*Kawałki zwykle stanowią 40 % produktu"}, {"header": "Przechowywanie i sposób przygotowania", "content": "Sposób podania:Kot o masie ciała 3 kg potrzebuje 3 - 3½ saszetki dziennie, kot o masie ciała 4 kg potrzebuje 3½-4 saszetek dziennie, kot o masie ciała 5 kg potrzebuje 4 - 4½ saszetki dziennie. Należy uwzględnić kalorie pochodzące z przysmaków. Należy dostosować ilość karmy do potrzeb kota. Jak? Odwiedź naszą stronę internetową. Zapewnij świeżą wodę do picia. Podawać o temperaturze pokojowej, niewykorzystaną część przechowywać w lodówce do 2 dni."}, {"header": "Pozostałe informacje", "content": "Producent:Mars Polska sp. z o.o.,\nKożuszki Parcel 42,\n96-500 Sochaczew\n0-801 10 63 63,\nwww.whiskas.plDystrybutor:Mars Polska sp. z o.o.Kożuszki Parcel 42 96-500 SochaczewNazwa wymagana prawnie:Whiskas Mokra karma dla dorosłych kotów drobiowa uczta w sosie 680 g (8 x 85 g)"}], "images": ["data/images/149fc1301016a46eb874e406f22de21d.jpg"], "absolute_path": "Dla zwierząt/Dla kota/Karmy mokre/Produkt 36"}
{"name": "Produkt 37", "url": "https://zakupy.biedronka.pl/whiskas-whiskas-mokra-karma-dla-doroslych-kotow-z-tunczykiem-w-galaretce-400-g-0000015913.html", "title": "Whiskas Mokra karma dla dorosłych kotów z tuńczykiem w galaretce 400 g", "brand": "Whiskas", "price": "7.99 PLN", "packaging_details": "0.4kg- 19,98 zł / kg", "description_sections": [{"header": "Opis produktu", "content": "Mokra karma pełnoporcjowa dla dorosłych kotów."}, {"header": "Składniki i alergeny", "content": "Składniki:mięso i produkty pochodzenia zwierzęcego,zboża,rybyi produktyrybne(w tym 4 %tuńczykaw kawałkach*),substancje mineralne,roślinne ekstrakty białkowe,cukry,*Kawałki zwykle stanowią 40 % produktu"}, {"header": "Przechowywanie i sposób przygotowania", "content": "Sposób podania:100 g karmy mokrej można zastąpić 18 - 21 g karmy suchej Whiskas"}, {"header": "Pozostałe informacje", "content": "Nazwa wymagana prawnie:Whiskas Mokra karma dla dorosłych kotów z tuńczykiem w galaretce 400 g"}], "images": ["data/images/95fce5b11d984c83bf043ca538c4cc6a.jpg"], "absolute_path": "Dla zwierząt/Dla kota/Karmy mokre/Produkt 37"}
{"name": "Produkt 39", "url": "https://zakupy.biedronka.pl/gourmet-gourmet-gold-karma-dla-kotow-mus-z-indykiem-85-g-0000803529.html", "title": "Gourmet Gold Karma dla kotów mus z indykiem 85 g", "brand": "Gourmet", "price": "3.49 PLN", "packaging_details": "85g- 0,04 zł / g", "description_sections": [{"header": "Opis produktu", "content": "Rozkoszuj się wyjątkowym smakiem z GOURMET™ Gold Mus! Nasze  delikatne musy z wołowiną, kurczakiem, łososiem lub w innym wyśmienitym smaku zostały starannie przygotowane, aby dostarczyć Twojemu kotu przyjemność z jedzenia. Każda porcja GOURMET™ Gold to nie tylko uczta dla podniebienia, ale także pewność, że Twój kot otrzymuje to, co najlepsze.Wszystkie przepisy GOURMET™ Gold są przygotowane ze składnikami wysokiej jakości i bez dodatku barwników, bez dodatku sztucznych aromatów i bez dodatku sztucznych konserwantów.✅ Delikatny Mus z Indykiem✅ Pełnoporcjowa karma dla dorosłych kotów✅ Stworzona ze składnikami wysokiej jakości✅ Bez barwników✅ Bez dodatku sztucznych konserwantów i aromatówSpraw swojemu kotu kulinarną przygodę, która zadowoli nawet najbardziej wybredne podniebienia! Wybierz GOURMET™ Gold Mus i obserwuj, jak Twój kot delektuje się każdym kęsem!Subrand:Gold"}, {"header": "Składniki i alergeny", "content": "Składniki:mięso i produkty pochodzenia zwierzęcego (57 %, w tym indyk 4 %),minerały,produkty pochodzenia roślinnego,cukry"}, {"header": "Przechowywanie i sposób przygotowania", "content": "Sposób podania:Zalecenia żywieniowe: Przeciętnemu dorosłemu kotu, ważącemu ok. 4 kg, zaleca się podawanie 2-3 puszek w ciągu dnia, w co najmniej 2 oddzielnych posiłkach. Podane normy ilości karmy dla kotów dorosłych odnoszą się do zwierząt umiarkowanie aktywnych w normalnej temperaturze otoczenia. Indywidualne potrzeby różnią się, a ilość podawanej karmy powinna zostać dostosowana tak, aby utrzymać prawidłową, szczupłą sylwetkę Twojego kota. Podawać w temperaturze pokojowej. Zwierzę powinno mieć stały dostęp do czystej, świeżej wody do picia."}, {"header": "Pozostałe informacje", "content": "Producent:Nestlé Polska S.A., \nul. Domaniewska 32, \n02-672 WarszawaDystrybutor:Jeronimo Martins Polska S.A.Żniwna 5 62-025 Kostrzyn PLImporter:Jeronimo Martins Polska S.A.Żniwna 5 62-025 Kostrzyn PLNazwa wymagana prawnie:Gourmet Gold Karma dla kotów mus z indykiem 85 g"}], "images": ["data/images/084a229070c90043f94da8ac59ba10a2.jpg"], "absolute_path": "Dla zwierząt/Dla kota/Karmy mokre/Produkt 39"}
{"name": "Produkt 35", "url": "https://zakupy.biedronka.pl/felix-felix-fantastic-karma-dla-kotow-wybor-smakow-w-galaretce-4-x-85-g-340-g-0000008323.html", "title": "Felix Fantastic Karma dla kotów wybór smaków w galaretce (4 x 85 g) 340 g", "brand": "Felix", "price": "9.99 PLN", "packaging_details": "0.34kg- 29,38 zł / kg", "description_sections": [{"header": "Opis produktu", "content": "Pełnoporcjowa karma dla dorosłych kotów.Karma odpowiednia także dla kotów wysterylizowanych.Subrand:Fantastic"}, {"header": "Składniki i alergeny", "content": "Składniki:z Łososiem i Cukinią w Galaretce: mięso i produkty pochodzenia zwierzęcego* (12%), roślinne ekstrakty białkowe,rybyi produktyrybne(łosoś4%), warzywa (odwodniona cukinia 0.6%, odpowiada 5.4% cukinii), składniki mineralne, cukry,z Pstrągiem i Zieloną Fasolką w galaretce: mięso i produkty pochodzenia zwierzęcego* (12%), roślinne ekstrakty białkowe,rybyi produktyrybne(pstrąg 4%), warzywa (odwodniona zielona fasolka 0.6%, odpowiada 5.4% zielonej fasolki), składniki mineralne, cukry,*kawałki: 40% mięsa i produktów pochodzenia zwierzęcego"}, {"header": "Przechowywanie i sposób przygotowania", "content": "Sposób podania:Zalecenia żywieniowe: Przeciętnemu dorosłemu kotu, ważącemu ok. 4 kg, zaleca się podawanie 4 saszetek w ciągu dnia, w co najmniej 2 oddzielnych posiłkach. Podane normy ilości karmy dla kotów dorosłych odnoszą się do zwierząt umiarkowanie aktywnych w normalnej temperaturze otoczenia. Indywidualne potrzeby różnią się, a ilość podawanej karmy powinna zostać dostosowana tak, aby utrzymać prawidłową, szczupłą sylwetkę Twojego kota. Podawać w temperaturze pokojowej. Zwierzę powinno mieć stały dostęp do czystej, świeżej wody do picia. Przeciętnemu dorosłemu wysterylizowanemu kotu, ważącemu ok. 4 kg, zaleca się podawanie 3 saszetek w ciągu dnia, w co najmniej 2 oddzielnych posiłkach."}, {"header": "Pozostałe informacje", "content": "Producent:Nestlé Polska S.A.,\nul. Domaniewska 32,\n02-672 Warszawa\nInfolinia: 801 315 005\ncs@pl.nestle.com\nwww.purina.plDystrybutor:Nestlé Polska S.A.ul. Domaniewska 32 02-672 Warszawacs@pl.nestle.com801 315 005Nazwa wymagana prawnie:Felix Fantastic Karma dla kotów wybór smaków w galaretce 340 g (4 x 85 g)"}], "images": ["data/images/3b1fa784bbb1dc98b2828fef453a2bcf.jpg", "data/images/030a906612fe7c180791f736048e4b63.jpg", "data/images/f9d49c47582777edbc68e62e59a61610.jpg", "data/images/731e37042e4a50cd7a94ef0bf7be63fb.jpg", "data/images/d28ab3e1f5e9f356f5d9dd0ce68a8c2b.jpg", "data/images/4142571871dfda4ad0ac3efa482de51b.jpg", "data/images/6dfb0bf8fa9c75a673f9bd0bfdd37bbf.jpg", "data/images/3f12de44341e64299852cd986c3e212c.jpg", "data/images/2158e020802b12ac370f8f7c702c726b.jpg"], "absolute_path": "Dla zwierząt/Dla kota/Karmy mokre/Produkt 35"}
{"name": "Produkt 41", "url": "https://zakupy.biedronka.pl/sheba-sheba-natures-collection-karma-dla-doroslych-kotow-w-galaretce-drobiowe-smaki-340-g-4-x-85-g-0000014550.html", "title": "Sheba Nature's Collection Karma dla dorosłych kotów w galaretce drobiowe smaki 340 g (4 x 85 g)", "brand": "Sheba", "price": "8.49 PLN", "packaging_details": "0.34kg- 24,97 zł / kg", "description_sections": [{"header": "Opis produktu", "content": "Mokra karma pełnoporcjowa dla dorosłych kotów.Subrand:Nature's Collection"}, {"header": "Składniki i alergeny", "content": "Składniki:z kurczakiem i olejem lnianym z przybraniem z pomidora: mięso i produkty pochodzenia zwierzęcego* (94 % naturalnego pochodzenia; w tym kurczak 4 % w kawałkach**), warzywa* (w tym suszone pomidory 0,7 %, co odpowiada zawartości pomidorów 9,1 %), substancje mineralne, drożdże*, oleje i tłuszcze* (w tym olej lniany 0,2 %), cukry,z indykiem przybranym marchewką i groszkiem: mięso i produkty pochodzenia zwierzęcego* (94 % naturalnego pochodzenia; w tym indyk 4 % w kawałkach**), warzywa* (w tym suszona marchewka oraz mieszanka groszku 1 %, co odpowiada zawartości marchewki i mieszanki groszku 5,6 %), substancje mineralne, drożdże*, cukry,z kaczką przybraną dynią i pasternakiem: mięso i produkty pochodzenia zwierzęcego* (94 % naturalnego pochodzenia; w tym kaczka 4 % w kawałkach**), warzywa* (w tym suszona dynia i mieszanka pasternaku 1 %, co odpowiada zawartości dyni i mieszanki pasternaku 5,7 %), substancje mineralne, drożdże*, cukry,z drobiem przybranym marchewką: mięso i produkty pochodzenia zwierzęcego* (94 % naturalnego pochodzenia; w tym drób 4 % w kawałkach**), warzywa* (w tym suszona marchewka 0,6 %, co odpowiada zawartości marchewki 4,5 %), substancje mineralne, drożdże*, cukry,*Naturalny,**Kawałki stanowią 43 % produktu"}, {"header": "Przechowywanie i sposób przygotowania", "content": "Sposób podania:Sposób karmienia: Kot o masie ciała 3 kg potrzebuje 2½ - 3 saszetki dziennie, kot o masie ciała 4 kg potrzebuje 3 - 3½ saszetki dziennie, kot o masie ciała 5 kg potrzebuje 3½ - 4 saszetki dziennie. 1 saszetkę można zastąpić 17-20 g karmy suchej. Należy dostosować ilość karmy do potrzeb kota. Zapewnij świeżą wodę do picia. Podawać o temperaturze pokojowej, niewykorzystaną część przechowywać w lodówce do 2 dni."}, {"header": "Pozostałe informacje", "content": "Producent:Mars Polska sp. z o.o.,\nKożuszki Parcel 42,\n96-500 Sochaczew\n0-801 10 63 63,\nwww.sheba.plDystrybutor:Mars Polska sp. z o.o.Kożuszki Parcel 42 96-500  SochaczewNazwa wymagana prawnie:Sheba Nature's Collection Karma dla dorosłych kotów w galaretce drobiowe smaki 340 g (4 x 85 g)"}], "images": ["data/images/c3bb9219ac4055706dc797516d506eab.jpg"], "absolute_path": "Dla zwierząt/Dla kota/Karmy mokre/Produkt 41"}
{"name": "Produkt 40", "url": "https://zakupy.biedronka.pl/gourmet--gourmet-gold-karma-dla-kotow-z-kurczakiem-85-g-0000803531.html", "title": "Gourmet Gold Karma dla kotów z kurczakiem 85 g", "brand": "Gourmet", "price": "3.49 PLN", "packaging_details": "85g- 0,04 zł / g", "description_sections": [{"header": "Opis produktu", "content": "GOURMET™ Gold stworzył Succulent Delights: wyborny produkt przyrządzony na bazie soczystej, wolno warzonej receptury z soczystymi kawałkami, aby zachwycić Twojego kota.✅ Pełnoporcjowa karma dla dorosłych kotów✅ Soczyste kawałki w sosie✅ Wolno warzona receptura✅ Stworzone ze składnikami wysokiej jakości✅ Zaprojektowane, by zachwycać✅ Bez barwników✅ Bez dodatku sztucznych aromatów i konserwantów✅ Puszka zaprojektowana do recyklinguSpraw swojemu kotu kulinarną przygodę, która zadowoli nawet najbardziej wybredne podniebienia! Wybierz GOURMET™  Succulent Delights i obserwuj, jak Twój kot delektuje się każdym kęsem!Subrand:Gold"}, {"header": "Składniki i alergeny", "content": "Składniki:mięso i produkty pochodzenia zwierzęcego (18 %, w tym kurczak 8 %),roślinne ekstrakty białkowe,rybyi produktyrybne,minerały,produkty pochodzenia roślinnego,cukry"}, {"header": "Przechowywanie i sposób przygotowania", "content": "Sposób podania:Zalecenia żywieniowe: Przeciętnemu dorosłemu kotu, ważącemu ok. 4 kg, zaleca się podawanie 3 puszek w ciągu dnia, w co najmniej 2 oddzielnych posiłkach. Podane normy ilości karmy dla kotów dorosłych odnoszą się do zwierząt umiarkowanie aktywnych w normalnej temperaturze otoczenia. Indywidualne potrzeby mogą się różnić, a ilość podawanej karmy powinna być odpowiednio dostosowana, aby utrzymać szczupłą sylwetkę i prawidłową masę ciała Twojego kota. Podawać w temperaturze pokojowej. Zwierzę powinno mieć stały dostęp do świeżej, czystej wody do picia."}, {"header": "Pozostałe informacje", "content": "Producent:Nestlé Polska S.A.,\nul. Domaniewska 32,\n02-672 Warszawa\nInfolinia: 801 315 005\ncs@pl.nestle.com\nwww.purina.plDystrybutor:Jeronimo Martins Polska S.A.Żniwna 5 62-025 Kostrzyn PLImporter:Jeronimo Martins Polska S.A.Żniwna 5 62-025 Kostrzyn PLNazwa wymagana prawnie:Gourmet Gold Karma dla kotów z kurczakiem 85 g"}], "images": ["data/images/4af80801551dd85cff2999f5dfef4e5a.jpg"], "absolute_path": "Dla zwierząt/Dla kota/Karmy mokre/Produkt 40"}
{"name": "Produkt 42", "url": "https://zakupy.biedronka.pl/whiskas-whiskas-drobiowa-uczta-1plus-galaretka-z-kurczakiem-z-kaczka-z-drobiem-i-z-indykiem-102-kg-12x85-g-0000024577.html", "title": "Whiskas Drobiowa uczta 1+ Galaretka z kurczakiem, z kaczką, z drobiem i z indykiem 1,02 kg (12x85 g)", "brand": "Whiskas", "price": "23.99 PLN", "packaging_details": "1.02kg- 23,52 zł / kg", "description_sections": [{"header": "Opis produktu", "content": "100% wysokiej jakości składników. Wszystkie potrzeby żywieniowe kota w wieku 1+. Wsparcie naturalnych mechanizmów obronnych. Wspiera silne mięśnie. Wspiera zdrową skórę i sierść. Zobowiązaliśmy się do zmniejszenia naszego wpływu na środowisko. Dowiedz się więcej o naszych postępach na naszej stronie internetowej. To pudełko w 100% nadaje się do recyklingu i zawiera papier z recyklingu. Nasze posiłki zostały specjalnie przygotowane tak, aby zachować naturalne zalety i smak wysokiej jakości składników. Sprawią, że Twój kot przybiegnie do miski szybciej niż kiedykolwiek wcześniej! Od figlarnego kocięcia po wspaniałego dorosłego kota – nasze smakowite receptury zostały opracowane z myślą o tym, aby kot w każdym wieku mruczał z zadowolenia ... w porze posiłku i nie tylko."}, {"header": "Składniki i alergeny", "content": "Składniki:Z kurczakiem: : mięso i produkty pochodzenia zwierzęcego (35%, w tym 4% kurczaka w kawałkach*), zboża, substancje mineralne, produkty pochodzenia roślinnego, cukry. *Kawałki zwykle stanowią 40% produktu.Z kaczką: : mięso i produkty pochodzenia zwierzęcego (35%, w tym 4% kaczki w kawałkach*), zboża, substancje mineralne, produkty pochodzenia roślinnego, cukry. *Kawałki zwykle stanowią 40% produktu.Z drobiem: mięso i produkty pochodzenia zwierzęcego (35%, w tym 4% drobiu w kawałkach*), zboża, substancje mineralne, produkty pochodzenia roślinnego, cukry. *Kawałki zwykle stanowią 40% produktu.Z indykiem: mięso i produkty pochodzenia zwierzęcego (35%, w tym 4% indyka w kawałkach*), zboża, substancje mineralne, produkty pochodzenia roślinnego, cukry. *Kawałki zwykle stanowią 40% produktu.Składniki analityczne (%): białko: 7.8; zawartość tłuszczu:4.0; materia nieorganiczna: 1.6; włókno surowe: 0.25; wilgotność: 84.5. Dodatki/1kg: Dodatki dietetyczne: Witamina C: 702 mg, Witamina D₃: 200 IU, Tauryna: 620 mg, Miedź (Pięciowodny siarczanu miedzi(II)): 1.2 mg, Jod (jodan wapnia, bezwodny): 0.22 mg, Żelazo (siarczan żelaza (II), jednowodny): 11.2 mg, Mangan (siarczan manganawy, jednowodny): 2.2 mg, Cynk (siarczan cynku, jednowodny): 16.2 mg / Dodatki technologiczne: Guma kasja: 2148 mg / Dodatki sensoryczne: Smaki."}, {"header": "Pozostałe informacje", "content": "Kraj pochodzenia:HiszpaniaKraj pochodzenia zależy od konkretnej partii produktu jaka znajduje się w sklepie. Informację o kraju pochodzenia znajdziesz na opakowaniu. Możesz również dodać komentarz z preferowanym typem produktu w koszyku lub wiadomości dla shoppera (np. “prosze o pomidory polskie”).Producent:MarsKożuszki Parcel 42 96-500 Sochaczew PLwaw.reception@effem.comDystrybutor:Jeronimo Martins Polska S.A.Żniwna 5 62-025 Kostrzyn PLImporter:Mars Polska Sp. z o.o.Kożuszki Parcel 42 96-500 Sochaczew PLwaw.reception@effem.comNazwa wymagana prawnie:Mokra karma pełnoporcjowa dla dorosłych kotów z kurczakiem, z kaczką, z drobiem i z indykiem"}], "images": ["data/images/1031ec06708dfaa9e711723c0e81e9cf.jpg"], "absolute_path": "Dla zwierząt/Dla kota/Karmy mokre/Produkt 42"}
{"name": "Produkt 44", "url": "https://zakupy.biedronka.pl/sheba-sheba-selection-mokra-karma-dla-doroslych-kotow-w-sosie-soczyste-smaki-12-x-85-g-102-kg-0000005648.html", "title": "Sheba Selection Mokra karma dla dorosłych kotów w sosie soczyste smaki (12 x 85 g) 1,02 kg", "brand": "Sheba", "price": "28.99 PLN", "packaging_details": "1.02kg- 28,42 zł / kg", "description_sections": [{"header": "Opis produktu", "content": "Mokra karma pełnoporcjowa dla dorosłych kotów.Mieszanka starannie wyselekcjonowanych, delikatnych kawałków w przepysznym sosie. Kusząca receptura z kawałkami, które twój kot pokocha.Subrand:Selection"}, {"header": "Składniki i alergeny", "content": "Składniki:Z kurczakiem i wołowiną: mięso i produkty pochodzenia zwierzęcego* (w tym kurczak 4 % i wołowina 4 % w kawałkach**), zboża, produkty pochodzenia roślinnego, warzywa, substancje mineralne, cukry,Z kurczakiem: mięso i produkty pochodzenia zwierzęcego* (w tym kurczak 4 % w kawałkach**), produkty pochodzenia roślinnego, zboża, substancje mineralne, cukry,Z jagnięciną: mięso i produkty pochodzenia zwierzęcego* (w tym jagnięcina 4 % w kawałkach**), zboża, produkty pochodzenia roślinnego, warzywa, substancje mineralne, cukry,Z kaczką i indykiem: mięso i produkty pochodzenia zwierzęcego* (w tym kaczka 4 % i indyk 4 % w kawałkach**), produkty pochodzenia roślinnego, zboża, substancje mineralne, cukry,*93 % naturalnego pochodzenia,**Kawałki stanowią 43 % produktu"}, {"header": "Przechowywanie i sposób przygotowania", "content": "Sposób podania:1 saszetkę można zastąpić 17-20 g karmy suchej.Sposób karmienia: Należy uwzględnić kalorie pochodzące z przysmaków. Ilości karmy są podane wyłącznie jako wskazówki. Należy dostosować ilość karmy do wieku, rozmiaru i poziomu aktywności kota. Zapewnij świeżą wodę do picia. Podawać o temperaturze pokojowej, niewykorzystaną część przechowywać w lodówce do 2 dni."}, {"header": "Pozostałe informacje", "content": "Producent:Mars Polska sp. z o.o.,\nKożuszki Parcel 42,\n96-500 Sochaczew\n0-801 10 63 63,\nwww.sheba.plDystrybutor:Mars Polska sp. z o.o.Kożuszki Parcel 42 96-500 SochaczewNazwa wymagana prawnie:Sheba Selection Mokra karma dla dorosłych kotów w sosie soczyste smaki 1,02 kg (12 x 85 g)"}], "images": ["data/images/31d4c7e6fa1416509b7096ba411ba1ab.jpg"], "absolute_path": "Dla zwierząt/Dla kota/Karmy mokre/Produkt 44"}
{"name": "Produkt 43", "url": "https://zakupy.biedronka.pl/felix-felix-fantastic-karma-dla-kotow-wiejskie-smaki-w-galaretce-4-x-85-g-340-g-0000008321.html", "title": "Felix Fantastic Karma dla kotów wiejskie smaki w galaretce (4 x 85 g) 340 g", "brand": "Felix", "price": "9.99 PLN", "packaging_details": "0.34kg- 29,38 zł / kg", "description_sections": [{"header": "Opis produktu", "content": "Pełnoporcjowa karma dla dorosłych kotów.Karma odpowiednia także dla kotów wysterylizowanych.Subrand:Fantastic"}, {"header": "Składniki i alergeny", "content": "Składniki:z Kurczakiem i Pomidorami w Galaretce: mięso i produkty pochodzenia zwierzęcego* (14%, w tym kurczak 8%), roślinne ekstrakty białkowe,rybyi produktyrybne, warzywa (odwodniony pomidor 0,6%. odpowiada 5,4% pomidora), składniki mineralne, cukry,z Wołowiną i Marchewką w Galaretce: mięso i produkty pochodzenia zwierzęcego* (14%, w tym wołowina 4%), roślinne ekstrakty białkowe,rybyi produktyrybne, składniki mineralne, warzywa (odwodniona marchew 0.6%, odpowiada 5.4% marchwi), cukry,*kawałki: 44% mięsa i produktów pochodzenia zwierzęcego"}, {"header": "Przechowywanie i sposób przygotowania", "content": "Sposób podania:Zalecenia żywieniowe: Przeciętnemu dorosłemu kotu, ważącemu ok. 4 kg, zaleca się podawanie 4 saszetek w ciągu dnia, w co najmniej 2 oddzielnych posiłkach. Podane normy ilości karmy dla kotów dorosłych odnoszą się do zwierząt umiarkowanie aktywnych w normalnej temperaturze otoczenia. Indywidualne potrzeby różnią się, a ilość podawanej karmy powinna zostać dostosowana tak, aby utrzymać prawidłową, szczupłą sylwetkę Twojego kota. Podawać w temperaturze pokojowej. Zwierzę powinno mieć stały dostęp do czystej, świeżej wody do picia. Przeciętnemu dorosłemu wysterylizowanemu kotu, ważącemu ok. 4 kg, zaleca się podawanie 3 saszetek w ciągu dnia, w co najmniej 2 oddzielnych posiłkach."}, {"header": "Pozostałe informacje", "content": "Producent:Nestlé Polska S.A.,\nul. Domaniewska 32,\n02-672 Warszawa\nInfolinia: 801 315 005\ncs@pl.nestle.com\nwww.purina.plDystrybutor:Nestlé Polska S.A.ul. Domaniewska 32 02-672 Warszawacs@pl.nestle.com801 315 005Nazwa wymagana prawnie:Felix Fantastic Karma dla kotów wiejskie smaki w galaretce 340 g (4 x 85 g)"}], "images": ["data/images/cc636bd39899060cb6f289c7c5ee1865.jpg", "data/images/6b0b95505e22ab7d3490574cb6bff834.jpg", "data/images/c1e1a144d15a3b1863796d3a9ed22170.jpg", "data/images/599de5ca42884e0b5f996fdc52d86ea9.jpg", "data/images/1880133f67bc2e21cb240fa3973f04a3.jpg", "data/images/f60b71b7a087137abaed0e16438d33b6.jpg", "data/images/5879b19ee1ff36286e98249d2e07e69f.jpg", "data/images/6cd834c9258a5cc82ca8d06ced72dbc2.jpg", "data/images/f4f1036be498d5dce856fb3589ca7183.jpg"], "absolute_path": "Dla zwierząt/Dla kota/Karmy mokre/Produkt 43"}
{"name": "Produkt 45", "url": "https://zakupy.biedronka.pl/gourmet-gourmet-gold-karma-dla-kotow-mus-z-kurczakiem-85-g-0000007557.html", "title": "Gourmet Gold Karma dla kotów mus z kurczakiem 85 g", "brand": "Gourmet", "price": "3.49 PLN", "packaging_details": "0.085kg- 41,06 zł / kg", "description_sections": [{"header": "Opis produktu", "content": "Pełnoporcjowa karma dla dorosłych kotów.Subrand:Gold"}, {"header": "Składniki i alergeny", "content": "Składniki:mięso i produkty pochodzenia zwierzęcego (58 %, w tym kurczak 12 %),minerały,produkty pochodzenia roślinnego,cukry"}, {"header": "Przechowywanie i sposób przygotowania", "content": "Sposób podania:Zalecenia żywieniowe: Przeciętnemu dorosłemu kotu, ważącemu ok. 4 kg, zaleca się podawanie 2-3 puszek w ciągu dnia, w co najmniej 2 oddzielnych posiłkach. Podane normy ilości karmy dla kotów dorosłych odnoszą się do zwierząt umiarkowanie aktywnych w normalnej temperaturze otoczenia. Indywidualne potrzeby różnią się, a ilość podawanej karmy powinna zostać dostosowana tak, aby utrzymać prawidłową, szczupłą sylwetkę Twojego kota. Podawać w temperaturze pokojowej. Zwierzę powinno mieć stały dostęp do czystej, świeżej wody do picia."}, {"header": "Pozostałe informacje", "content": "Producent:Nestlé Polska S.A.,\nul. Domaniewska 32,\n02-672 WarszawaNazwa wymagana prawnie:Gourmet Gold Karma dla kotów mus z kurczakiem 85 g"}], "images": ["data/images/90b32af4c2c927ee2a7e22c8240189b9.jpg"], "absolute_path": "Dla zwierząt/Dla kota/Karmy mokre/Produkt 45"}
{"name": "Produkt 47", "url": "https://zakupy.biedronka.pl/whiskas-whiskas-karma-aromatyczna-mieszanka-w-sosie-z-wieprzowina-i-marchewka-z-kurczakiem-i-marchewka-z-ryba-oceaniczna-z-lososiem-i-groszkiem-12x85g-0000024581.html", "title": "Whiskas Karma Aromatyczna Mieszanka w sosie z wieprzowiną i marchewką, z kurczakiem i marchewką, z rybą oceaniczną, z łososiem i groszkiem 12x85g", "brand": "Whiskas", "price": "23.99 PLN", "packaging_details": "1.02kg- 23,52 zł / kg", "description_sections": [{"header": "Opis produktu", "content": "Mokra karma pełnoporcjowa dla dorosłych kotów z wieprzowiną i marchewką, z kurczakiem i marchewką, z rybą oceaniczną, z łososiem i groszkiem."}, {"header": "Składniki i alergeny", "content": "Składniki:z wieprzowiną i marchewką: mięso i produkty pochodzenia zwierzęcego* (w tym wieprzowina 4% w kawałkach**), zboża, produkty pochodzenia roślinnego, warzywa (w tym suszona marchewka 0.6%, co odpowiada zawartości marchewki 4%), substancje mineralne, cukry, oleje i tłuszcze. *93% naturalnego pochodzenia. **Kawałki zwykle stanowią 40% produktu; z kurczakiem i marchewką: mięso i produkty pochodzenia zwierzęcego* (w tym kurczak 4% w kawałkach**), zboża, produkty pochodzenia roślinnego, warzywa (w tym suszona marchewka 0.6%, co odpowiada zawartości marchewki 4%), substancje mineralne, cukry, oleje i tłuszcze. *94% naturalnego pochodzenia. **Kawałki zwykle stanowią 40% produktu; z rybą oceaniczną: mięso i produkty pochodzenia zwierzęcego*,rybyi produktyrybne(w tymrybaoceaniczna 4% w kawałkach**), zboża, produkty pochodzenia roślinnego, substancje mineralne, cukry, oleje i tłuszcze. *93% naturalnego pochodzenia. **Kawałki zwykle stanowią 40% produktu; z łososiem i groszkiem: mięso i produkty pochodzenia zwierzęcego*,rybyi produktyrybne(w tymłosoś4% w kawałkach**), zboża, warzywa (w tym suszony groszek 1.2%, co odpowiada zawartości groszku 4%), produkty pochodzenia roślinnego, substancje mineralne, cukry, oleje i tłuszcze. *93% naturalnego pochodzenia. **Kawałki zwykle stanowią 40% produktu. Składniki analityczne (%): białko: 7.3; zawartość tłuszczu: 4.5; materia nieorganiczna: 1.7; włókno surowe: 0.50; wilgotność: 83.6; wapń: 0.29; fosfor: 0.20. Dodatki na kg: Dodatki dietetyczne: Witamina B₁: 27.3 mg, Witamina B₂: 1.4 mg, Witamina B₆: 4.5 mg, Witamina D₃: 200 IU (Smakłososianie jest wzbogacany w witaminę D₃), Tauryna: 620 mg, Miedź (Pięciowodny siarczan miedzi(II)): 1.2 mg, Jod (jodan wapnia, bezwodny): 0.22 mg, Żelazo (siarczan żelaza (II), jednowodny): 11.2 mg, Mangan (siarczan manganawy, jednowodny): 2.2 mg, Cynk (siarczan cynku, jednowodny): 16.2 mg / Dodatki sensoryczne: Smaki"}, {"header": "Pozostałe informacje", "content": "Kraj pochodzenia:NiemcyKraj pochodzenia zależy od konkretnej partii produktu jaka znajduje się w sklepie. Informację o kraju pochodzenia znajdziesz na opakowaniu. Możesz również dodać komentarz z preferowanym typem produktu w koszyku lub wiadomości dla shoppera (np. “prosze o pomidory polskie”).Producent:MarsKożuszki Parcel 42 96-500 Sochaczew PLwaw.reception@effem.comDystrybutor:Jeronimo Martins Polska S.A.Żniwna 5 62-025 Kostrzyn PLImporter:Mars Polska Sp. z o.o.Kożuszki Parcel 42 96-500 Sochaczew PLwaw.reception@effem.comNazwa wymagana prawnie:Mokra karma pełnoporcjowa dla dorosłych kotów z wieprzowiną i marchewką, z kurczakiem i marchewką, z rybą oceaniczną, z łososiem i groszkiem."}], "images": ["data/images/55d11f7d570cd040aa0b930a36984eea.jpg"], "absolute_path": "Dla zwierząt/Dla kota/Karmy mokre/Produkt 47"}
{"name": "Produkt 49", "url": "https://zakupy.biedronka.pl/sheba-sheba-fresh-and-fine-mokra-karma-dla-doroslych-kotow-w-sosie-6-x-50-g-300-g-0000007291.html", "title": "Sheba Fresh & Fine Mokra karma dla dorosłych kotów w sosie (6 x 50 g) 300 g", "brand": "Sheba", "price": "13.49 PLN", "packaging_details": "0.3kg- 44,97 zł / kg", "description_sections": [{"header": "Opis produktu", "content": "Mokra karma pełnoporcjowa dla dorosłych kotów.Zobacz, jak Twój koci przyjaciel się ucieszy, gdy podasz mu delikatnie pokrojone kawałki zanurzone w jedwabistym sosie. Zawsze idealna porcja świeżego smaku.Subrand:Fresh & Fine"}, {"header": "Składniki i alergeny", "content": "Składniki:z wołowiną: mięso i produkty pochodzenia zwierzęcego (w tym wołowina 4 % w kawałkach*), produkty pochodzenia roślinnego, substancje mineralne, roślinne ekstrakty białkowe, cukry,z kurczakiem: mięso i produkty pochodzenia zwierzęcego (w tym kurczak 4 % w kawałkach*), produkty pochodzenia roślinnego, substancje mineralne, roślinne ekstrakty białkowe, cukry,*Kawałki stanowią 46 % produktu"}, {"header": "Przechowywanie i sposób przygotowania", "content": "Sposób podania:1 saszetkę można zastąpić 10 - 12 g karmy suchej.Sposób karmienia: Należy uwzględnić kalorie pochodzące z przysmaków. Należy dostosować ilość karmy do potrzeb kota. Jak? Odwiedź naszą stronę internetową. Zapewnij świeżą wodę do picia. Podawać o temperaturze pokojowej, niewykorzystaną część przechowywać w lodówce do 2 dni."}, {"header": "Pozostałe informacje", "content": "Producent:Mars Polska sp. z o.o.,\nKożuszki Parcel 42,\n96-500 Sochaczew\n0-801 10 63 63,\nwww.sheba.plDystrybutor:Mars Polska sp. z o.o.Kożuszki Parcel 42 96-500 SochaczewNazwa wymagana prawnie:Sheba Fresh & Fine Mokra karma dla dorosłych kotów w sosie 300 g (6 x 50 g)"}], "images": ["data/images/4fab687dfeb504de7f6d77581c8224ff.jpg"], "absolute_path": "Dla zwierząt/Dla kota/Karmy mokre/Produkt 49"}
{"name": "Produkt 48", "url": "https://zakupy.biedronka.pl/gourmet-gourmet-gold-karma-dla-kotow-savoury-cake-z-kurczakiem-i-marchewka-85-g-0000007550.html", "title": "Gourmet Gold Karma dla kotów savoury cake z kurczakiem i marchewką 85 g", "brand": "Gourmet", "price": "3.49 PLN", "packaging_details": "0.085kg- 41,06 zł / kg", "description_sections": [{"header": "Opis produktu", "content": "Pełnoporcjowa karma dla dorosłych kotów.Subrand:Gold"}, {"header": "Składniki i alergeny", "content": "Składniki:mięso i produkty pochodzenia zwierzęcego (25 %, w tym kurczak 10 %),roślinne ekstrakty białkowe,rybyi produktyrybne,warzywa (odwodniona marchew 1 %, odpowiada 9 % marchwi),produkty pochodzenia roślinnego,cukry,składniki mineralne"}, {"header": "Przechowywanie i sposób przygotowania", "content": "Sposób podania:Zalecenia żywieniowe: Przeciętnemu dorosłemu kotu, ważącemu ok. 4 kg, zaleca się podawanie 2-3 puszek w ciągu dnia, w co najmniej 2-3 oddzielnych posiłkach. Podane normy ilości karmy dla kotów dorosłych odnoszą się do zwierząt umiarkowanie aktywnych w normalnej temperaturze otoczenia. Indywidualne potrzeby różnią się, a ilość podawanej karmy powinna zostać dostosowana tak, aby utrzymać prawidłową, szczupłą sylwetkę Twojego kota. Podawać w temperaturze pokojowej. Zwierzę powinno mieć stały dostęp do czystej, świeżej wody do picia."}, {"header": "Pozostałe informacje", "content": "Nazwa wymagana prawnie:Gourmet Gold Karma dla kotów savoury cake z kurczakiem i marchewką 85 g"}], "images": ["data/images/4eb57516c8446355387fd44fd5fdcd18.jpg"], "absolute_path": "Dla zwierząt/Dla kota/Karmy mokre/Produkt 48"}
{"name": "Produkt 46", "url": "https://zakupy.biedronka.pl/whiskas-whiskas-mokra-karma-dla-kotow-z-kurczakiem-w-galaretce-400-g-0000009477.html", "title": "Whiskas Mokra karma dla kotów z kurczakiem w galaretce 400 g", "brand": "Whiskas", "price": "7.99 PLN", "packaging_details": "0.4kg- 19,98 zł / kg", "description_sections": [{"header": "Opis produktu", "content": "100% smaku w każdym kęsie. Z wysokiej jakości białkiem. 100% zdatne do recyklingu."}, {"header": "Składniki i alergeny", "content": "Składniki:mięso i produkty pochodzenia zwierzęcego (w tym 4% kurczaka w kawałkach*), zboża, substancje mineralne, roślinne ekstrakty białkowe, cukry. *Kawałki zwykle stanowią 40% produktu. Składniki analityczne (%): białko: 6.7; zawartość tłuszczu: 3.2; materia nieorganiczna: 1.2; włókno surowe: 0.20; wilgotność: 83.7; wapń: 0.17; fosfor: 0.12. Dodatki / 1kg: Dodatki dietetyczne: Witamina B₁: 31.5 mg, Witamina D₃: 250 IU, Witamina E: 21.0 mg, Tauryna: 650 mg, Miedź (Pięciowodny siarczanu miedzi(II)): 0.64 mg, Jod (jodan wapnia, bezwodny): 0.22 mg, Żelazo (siarczan żelaza (II), jednowodny): 10.9 mg, Mangan (siarczan manganawy, jednowodny): 2.2 mg, Cynk (siarczan cynku, jednowodny): 16.8 mg / Dodatki technologiczne: Guma kasja: 2100 mg."}, {"header": "Pozostałe informacje", "content": "Kraj pochodzenia:PolskaKraj pochodzenia zależy od konkretnej partii produktu jaka znajduje się w sklepie. Informację o kraju pochodzenia znajdziesz na opakowaniu. Możesz również dodać komentarz z preferowanym typem produktu w koszyku lub wiadomości dla shoppera (np. “prosze o pomidory polskie”).Nazwa wymagana prawnie:Mokra karma pełnoporcjowa dla dorosłych kotów z kurczakiem"}], "images": ["data/images/26270b5539eb007d59921043dec98634.jpg", "data/images/3fa42f1c8e5a83c17328e0618f8a17bf.jpg"], "absolute_path": "Dla zwierząt/Dla kota/Karmy mokre/Produkt 46"}
{"name": "Produkt 1", "url": "https://zakupy.biedronka.pl/dreamies-dreamies-meaty-sticks-karma-uzupelniajaca-dla-kotow-z-lososiem-6-x-5-g-30-g--0000010467.html", "title": "Dreamies Meaty Sticks Karma uzupełniająca dla kotów z łososiem (6 x 5 g) 30 g", "brand": "Dreamies", "price": "7.99 PLN", "packaging_details": "30g- 0,27 zł / g", "description_sections": [{"header": "Opis produktu", "content": "Karma uzupełniająca dla dorosłych kotów.Koty nie potrafią oprzeć się przysmakom Dreamies Cat Treats.Dreamies Meaty Sticks to jeszcze więcej podekscytowania dla Twojego kota. Uwolnij jego naturę drapieżnika, aby z dziką przyjemnością polował na pyszne, miękkie i smakowite przysmaki.Subrand:Meaty Sticks"}, {"header": "Składniki i alergeny", "content": "Składniki:mięso i produkty pochodzenia zwierzęcego (łącznie 64 %),rybyi produktyrybne(łosoś26 %),drożdże,cukry,substancje mineralne,produkty pochodzenia roślinnego"}, {"header": "Przechowywanie i sposób przygotowania", "content": "Sposób podania:Podawaj przysmak w całości lub podziel go na mniejsze kawałki i zobacz, jak szybko Twój kot podbiegnie do Ciebie!Sposób karmienia: Podawać 1 sztukę na dzień. Nie jest przeznaczony dla kociąt. Proszę odpowiednio zmniejszyć dawkę głównego posiłku. Przysmak może być podawany w całości lub połamany na małe kawałki. Po otwarciu opakowania zużyć w ciągu 1 dnia.Pamiętaj, aby zapewnić zwierzęciu stały dostęp do świeżej wody do picia."}, {"header": "Pozostałe informacje", "content": "Producent:Mars Polska sp. z o.o.,\nKożuszki Parcel 42,\n96-500 Sochaczew\n0-801 10 63 63\nhttps:\\\\www.dreamies.pl\\Dystrybutor:Mars Polska sp. z o.o.Kożuszki Parcel 42 96-500  SochaczewNazwa wymagana prawnie:Dreamies Meaty Sticks Karma uzupełniająca dla kotów z łososiem 30 g (6 x 5 g)"}], "images": ["data/images/faaea61bb28f34f35d28f1c5059e40b8.jpg"], "absolute_path": "Dla zwierząt/Dla kota/Przysmaki/Produkt 1"}
{"name": "Produkt 50", "url": "https://zakupy.biedronka.pl/whiskas-whiskas-pure-delight-mokra-karma-dla-kotow-drobiowe-frykasy-galaretka--6-x-85-g-510-g-0000002233.html", "title": "Whiskas Pure Delight Mokra karma dla kotów drobiowe frykasy galaretka  (6 x 85 g) 510 g", "brand": "Whiskas", "price": "13.99 PLN", "packaging_details": "0.51kg- 23,32 zł / kg", "description_sections": [{"header": "Opis produktu", "content": "Mokra karma pełnoporcjowa dla dorosłych kotów.100 % dziennego zapotrzebowania Twojego kotaBez użycia sztucznych barwników i konserwantówSubrand:Pure Delight"}, {"header": "Składniki i alergeny", "content": "Składniki:z kurczakiem: mięso i produkty pochodzenia zwierzęcego (21 %, 100 % naturalne*; w tym kurczak 4 % w kawałkach**), roślinne ekstrakty białkowe, substancje mineralne (0.7 %), cukry, produkty pochodzenia roślinnego,z indykiem: mięso i produkty pochodzenia zwierzęcego (21 %, 100 % naturalne*; w tym indyk 4 % w kawałkach**), roślinne ekstrakty białkowe, substancje mineralne (0.7 %), cukry, produkty pochodzenia roślinnego,*Składniki naturalnego pochodzenia,**Kawałki zwykle stanowią 33 % produktu"}, {"header": "Przechowywanie i sposób przygotowania", "content": "Sposób podania:Kot o masie ciała 3 kg potrzebuje 3 - 3½ saszetki dziennie, kot o masie ciała 4 kg potrzebuje 3½ - 4 saszetek dziennie, kot o masie ciała 5 kg potrzebuje 4 - 4½ saszetki dziennie. 1 saszetkę można zastąpić 16 g karmy suchej Whiskas.Należy uwzględnić kalorie pochodzące z przysmaków. Ilości karmy są podane wyłącznie jako wskazówki. Należy dostosować ilość karmy do wieku, rozmiaru i poziomu aktywności kota. Podzielić na porcje do podania w ciągu dnia. Aby uzyskać więcej informacji, odwiedź naszą stronę internetową. Zapewnij świeżą wodę do picia. Podawać o temperaturze pokojowej, niewykorzystaną część przechowywać w lodówce do 2 dni."}, {"header": "Pozostałe informacje", "content": "Producent:Mars Polska sp. z o.o.,\nKożuszki Parcel 42,\n96-500 Sochaczew\n0-801 10 63 63,\nwww.whiskas.plNazwa wymagana prawnie:Whiskas Pure Delight Mokra karma dla kotów drobiowe frykasy galaretka 510 g (6 x 85 g)"}], "images": ["data/images/bbc30efdfdc1f5d5883ff6197b2954ce.jpg"], "absolute_path": "Dla zwierząt/Dla kota/Karmy mokre/Produkt 50"}
{"name": "Produkt 51", "url": "https://zakupy.biedronka.pl/whiskas-whiskas-tasty-mix-mokra-karma-dla-kotow-kremowe-wariacje-sos-8-x-85-g-680-g-0000009712.html", "title": "Whiskas Tasty Mix Mokra karma dla kotów kremowe wariacje sos (8 x 85 g) 680 g", "brand": "Whiskas", "price": "16.99 PLN", "packaging_details": "0.68kg- 24,99 zł / kg", "description_sections": [{"header": "Opis produktu", "content": "Mokra karma pełnoporcjowa dla dorosłych kotów.Wspiera zdrową witalnośćSubrand:Tasty Mix"}, {"header": "Składniki i alergeny", "content": "Składniki:z kurczakiem i warzywami: mięso i produkty pochodzenia zwierzęcego (34 %, w tym 4 % kurczaka w kawałkach*), oleje i tłuszcze, produkty pochodzenia roślinnego, warzywa (w tym mieszanka suszonego groszku i marchewki 1 %, co odpowiada zawartości mieszanki groszku i marchewki 4 %), substancje mineralne, roślinne ekstrakty białkowe, cukry,mlekoi produktymleczne,z jagnięciną i indykiem: mięso i produkty pochodzenia zwierzęcego (34 %, w tym 4 % jagnięciny i 4 % indyka w kawałkach*), oleje i tłuszcze, produkty pochodzenia roślinnego, substancje mineralne, roślinne ekstrakty białkowe, cukry,mlekoi produktymleczne,*Kawałki zwykle stanowią 40 % produktu"}, {"header": "Przechowywanie i sposób przygotowania", "content": "Sposób podania:Sposób karmienia: Kot o masie ciała 3 kg potrzebuje 2½ - 3 saszetki dziennie, kot o masie ciała 4 kg potrzebuje 3 - 3½ saszetki dziennie, kot o masie ciała 5 kg potrzebuje 3½ - 4 saszetki dziennie. 1 saszetkę można zastąpić 18 g karmy suchej Whiskas. Należy uwzględnić kalorie pochodzące z przysmaków. Ilości karmy są podane wyłącznie jako wskazówki. Należy dostosować ilość karmy do wieku, rozmiaru i poziomu aktywności kota. Podzielić na porcje do podania w ciągu dnia. Aby uzyskać więcej informacji, odwiedź naszą stronę internetową. Zapewnij świeżą wodę do picia. Podawać o temperaturze pokojowej, niewykorzystaną część przechowywać w lodówce do 2 dni."}, {"header": "Pozostałe informacje", "content": "Producent:Mars Polska sp. z o.o.,\nKożuszki Parcel 42,\n96-500 Sochaczew\n0-801 10 63 63,\nwww.whiskas.plDystrybutor:Mars Polska sp. z o.o.Kożuszki Parcel 42 96-500 SochaczewNazwa wymagana prawnie:Whiskas Tasty Mix Mokra karma dla kotów kremowe wariacje sos 680 g (8 x 85 g)"}], "images": ["data/images/a7db96b960f2e85d38e2991921587f40.jpg"], "absolute_path": "Dla zwierząt/Dla kota/Karmy mokre/Produkt 51"}
{"name": "Produkt 52", "url": "https://zakupy.biedronka.pl/whiskas-whiskas-mokra-karma-dla-doroslych-kotow-klasyczne-posilki-sos-8-x-85-g-680-g-0000009746.html", "title": "Whiskas Mokra karma dla dorosłych kotów klasyczne posiłki sos (8 x 85 g) 680 g", "brand": "Whiskas", "price": "16.99 PLN", "packaging_details": "0.68kg- 24,99 zł / kg", "description_sections": [{"header": "Opis produktu", "content": "Mokra karma pełnoporcjowa dla dorosłych kotów.Wsparcie naturalnych mechanizmów obronnychWspiera silne mięśnie"}, {"header": "Składniki i alergeny", "content": "Składniki:Mokra karma dla dorosłych kotów klasyczne posiłki sos z wołowiną: mięso i produkty pochodzenia zwierzęcego (34 %, w tym 4 % wołowiny w kawałkach), zboża, produkty pochodzenia roślinnego, substancje mineralne, cukry,Mokra karma dla dorosłych kotów klasyczne posiłki sos z kurczakiem: mięso i produkty pochodzenia zwierzęcego (34 %, w tym 4 % kurczaka w kawałkach*), zboża, produkty pochodzenia roślinnego, substancje mineralne, cukry,Mokra karma dla dorosłych kotów klasyczne posiłki sos z jagnięciną: mięso i produkty pochodzenia zwierzęcego (34 %, w tym 4 % jagnięciny w kawałkach*), zboża, produkty pochodzenia roślinnego, substancje mineralne, cukry,Mokra karma dla dorosłych kotów klasyczne posiłki sos z drobiem: mięso i produkty pochodzenia zwierzęcego (34 %, w tym 4 % drobiu w kawałkach *), zboża, produkty pochodzenia roślinnego, substancje mineralne, cukry,*Kawałki zwykle stanowią 40 % produktu"}, {"header": "Przechowywanie i sposób przygotowania", "content": "Sposób podania:Sposób karmienia: Kot o masie ciała 3 kg potrzebuje 3 - 3½ saszetki dziennie, kot o masie ciała 4 kg potrzebuje 3½ - 4 saszetek dziennie, kot o masie ciała 5 kg potrzebuje 4 - 4½ saszetki dziennie. 1 saszetkę można zastąpić 16 g karmy suchej Whiskas. Należy uwzględnić kalorie pochodzące z przysmaków. Ilości karmy są podane wyłącznie jako wskazówki. Należy dostosować ilość karmy do wieku, rozmiaru i poziomu aktywności kota. Podzielić na porcje do podania w ciągu dnia. Aby uzyskać więcej informacji, odwiedź naszą stronę internetową. Zapewnij świeżą wodę do picia. Podawać o temperaturze pokojowej, niewykorzystaną część przechowywać w lodówce do 2 dni."}, {"header": "Pozostałe informacje", "content": "Producent:Mars Polska sp. z o.o.,\nKożuszki Parcel 42,\n96-500 Sochaczew\n0-801 10 63 63,\nwww.whiskas.plDystrybutor:Mars Polska sp. z o.o.Kożuszki Parcel 42 96-500 SochaczewNazwa wymagana prawnie:Whiskas Mokra karma dla dorosłych kotów klasyczne posiłki sos 680 g (8 x 85 g)"}], "images": ["data/images/ad6977490abdfc653bd56c1a1fa0df26.jpg"], "absolute_path": "Dla zwierząt/Dla kota/Karmy mokre/Produkt 52"}
{"name": "Produkt 53", "url": "https://zakupy.biedronka.pl/gourmet--gourmet-gold-karma-dla-kotow-kawalki-w-smakowitym-sosie-z-kurczakiem-85-g-0000803530.html", "title": "Gourmet Gold Karma dla kotów kawałki w smakowitym sosie z kurczakiem 85 g", "brand": "Gourmet", "price": "3.49 PLN", "packaging_details": "85g- 0,04 zł / g", "description_sections": [{"header": "Opis produktu", "content": "GOURMET™ GOLD stworzył Sauce Delights: idealne połączenie wyśmienitego sosu i delikatnych mini filecików, którymi Twój kot będzie się delektował.Podstawą każdego przepisu Sauce Delights jest obfita ilość aksamitnego sosu o bogatym smaku. Jest on podawany z delikatnymi kawałkami z kurczakiem, wołowiną lub rybą. - Odczuj satysfakcję jaką przyniesie podanie Twojemu kotu GOURMET™ GOLD Sauce Delights, który został przygotowany specjalnie po to, by go zachwycić.✅ Połączenie wyśmienitego sosu i delikatnych mini filecików✅ Bez dodatku barwników✅ Bez dodatku sztucznych aromatów i konserwantów✅ Stworzone ze składnikami o wysokiej jakości✅ Pełnoporcjowa karma dla dorosłych kotów.Spraw swojemu kotu kulinarną przygodę, która zadowoli nawet najbardziej wybredne podniebienia! Wybierz GOURMET™  Sauce Delights i obserwuj, jak Twój kot delektuje się każdym kęsem!"}, {"header": "Składniki i alergeny", "content": "Składniki:mięso i produkty pochodzenia zwierzęcego (16 %, w tym kurczak 4 %),roślinne ekstrakty białkowe,rybyi produktyrybne,produkty pochodzenia roślinnego,minerały,cukry"}, {"header": "Przechowywanie i sposób przygotowania", "content": "Sposób podania:Zalecenia żywieniowe: Przeciętnemu dorosłemu kotu, ważącemu ok. 4 kg, zaleca się podawanie 4 puszek w ciągu dnia, w co najmniej 2-3 oddzielnych posiłkach. Podane normy ilości karmy dla kotów dorosłych odnoszą się do zwierząt umiarkowanie aktywnych w normalnej temperaturze otoczenia. Indywidualne potrzeby różnią się, a ilość podawanej karmy powinna zostać dostosowana tak, aby utrzymać prawidłową, szczupłą sylwetkę Twojego kota. Podawać w temperaturze pokojowej. Zwierzę powinno mieć stały dostęp do czystej, świeżej wody do picia."}, {"header": "Pozostałe informacje", "content": "Producent:Nestlé Polska S.A.\nul. Domaniewska 32\n02-672 WarszawaDystrybutor:Jeronimo Martins Polska S.A.Żniwna 5 62-025 Kostrzyn PLImporter:Jeronimo Martins Polska S.A.Żniwna 5 62-025 Kostrzyn PLNazwa wymagana prawnie:Gourmet Gold Karma dla kotów kawałki w smakowitym sosie z kurczakiem 85 g"}], "images": ["data/images/497290119d6524d5fcb07f02c5abd327.jpg"], "absolute_path": "Dla zwierząt/Dla kota/Karmy mokre/Produkt 53"}
{"name": "Produkt 6", "url": "https://zakupy.biedronka.pl/dreamies-dreamies-karma-uzupelniajaca-z-lososiem-60-g-0000003550.html", "title": "Dreamies Karma uzupełniająca z łososiem 60 g", "brand": "Dreamies", "price": "6.49 PLN", "packaging_details": "0.06kg- 108,17 zł / kg", "description_sections": [{"header": "Opis produktu", "content": "Koty szaleją za zniewalającym smakiem DREAMIES™. Pysznie chrupiące przysmaki DREAMIES™ z miękkim nadzieniem, o smaku kurczaka, któremu koty po prostu nie potrafią się oprzeć. Więc śmiało, potrząśnij opakowaniem i patrz jak Twój kot przybiega na ucztę."}, {"header": "Składniki i alergeny", "content": "Składniki:SKŁAD: roślinne ekstrakty białkowe, zboża, mięso i produkty pochodzenia zwierzęcego (w tym 4% kurczaka), oleje i tłuszcze, substancje mineralne."}, {"header": "Wartość odżywcza", "content": "Kwasy Omega3Wartość"}, {"header": "Pozostałe informacje", "content": "Nazwa wymagana prawnie:Dreamies z łososiem 60g"}], "images": ["data/images/c39efea5fbb324bd1ae34f3e8e23c3ae.jpg"], "absolute_path": "Dla zwierząt/Dla kota/Przysmaki/Produkt 6"}
{"name": "Produkt 2", "url": "https://zakupy.biedronka.pl/dreamies-dreamies-creamy-karma-uzupelniajaca-dla-kotow-z-pysznym-kurczakiem-4-x-10-g-40-g-0000010466.html", "title": "Dreamies Creamy Karma uzupełniająca dla kotów z pysznym kurczakiem (4 x 10 g) 40 g", "brand": "Dreamies", "price": "7.99 PLN", "packaging_details": "40g- 0,27 zł / g", "description_sections": [{"header": "Opis produktu", "content": "Z kurczakiem. Karma uzupełniająca dla dorosłych kotów i kociąt powyżej 8 tygodnia życia.Dreamies Creamy zapewniają jeszcze więcej radości! To wyjątkowy sposób na wspólne delektowanie się kusząco kremową przekąską o smaku kurczaka - dla Ciebie poprzez sprawianie przyjemności, dla kota poprzez smakowanie.Chwyć tubkę pełną Dreamies Creamy, wyciśnij smakowitą kremową przekąskę i patrz, jak przybiega Twój kot.Subrand:Creamy"}, {"header": "Składniki i alergeny", "content": "Składniki:mięso i produkty pochodzenia zwierzęcego (w tym kurczak 4 %),produkty pochodzenia roślinnego,oleje i tłuszcze,mlekoi produktymleczne(w tym białkomleka0,5 %)"}, {"header": "Przechowywanie i sposób przygotowania", "content": "Sposób podania:Podawaj z ręki, by cieszyć się wspólnymi chwilami.Podawaj w miseczce jako kremową przekąskę.Dodawaj do karmy, by posiłek stał się jeszcze pyszniejszy.Sposób karmienia: Podawać nie więcej niż 1 saszetkę dziennie. Proszę odpowiednio zmniejszyć dawkę głównego posiłku.Pamiętaj, aby zapewnić zwierzęciu stały dostęp do świeżej wody do picia."}, {"header": "Pozostałe informacje", "content": "Producent:Mars Polska sp. z o.o.,\nKożuszki Parcel 42,\n96-500 Sochaczew\n0-801 10 63 63Dystrybutor:Mars Polska sp. z o.o.Kożuszki Parcel 42 96-500 SochaczewNazwa wymagana prawnie:Dreamies Creamy Karma uzupełniająca dla kotów z pysznym kurczakiem 40 g (4 x 10 g)"}], "images": ["data/images/3828ff64bcdb02c1962f5457a90e3def.jpg"], "absolute_path": "Dla zwierząt/Dla kota/Przysmaki/Produkt 2"}
{"name": "Produkt 4", "url": "https://zakupy.biedronka.pl/dreamies-dreamies-creamy-karma-uzupelniajaca-dla-kotow-z-wybornym-lososiem-4-x-10-g-40-g-0000010465.html", "title": "Dreamies Creamy Karma uzupełniająca dla kotów z wybornym łososiem (4 x 10 g) 40 g", "brand": "Dreamies", "price": "7.99 PLN", "packaging_details": "40g- 0,27 zł / g", "description_sections": [{"header": "Opis produktu", "content": "Z łososiem. Karma uzupełniająca dla dorosłych kotów i kociąt powyżej 8 tygodnia życia.Dreamies Creamy zapewniają jeszcze więcej radości! To wyjątkowy sposób na wspólne delektowanie się kusząco kremową przekąską o smaku łososia - dla Ciebie poprzez sprawianie przyjemności, dla kota poprzez smakowanie.Chwyć tubkę pełną Dreamies Creamy, wyciśnij smakowitą kremową przekąskę i patrz, jak przybiega Twój kot."}, {"header": "Składniki i alergeny", "content": "Składniki:mięso i produkty pochodzenia zwierzęcego,rybyi produktyrybne(w tymłosoś4 %),produkty pochodzenia roślinnego,oleje i tłuszcze,mlekoi produktymleczne(w tym białkomleka0.5 %)"}, {"header": "Przechowywanie i sposób przygotowania", "content": "Sposób podania:Podawaj z ręki, by cieszyć się wspólnymi chwilami.Podawaj w miseczce jako kremową przekąskę.Dodawaj do karmy, by posiłek stał się jeszcze pyszniejszy.Sposób karmienia: Podawać nie więcej niż 1 saszetkę dziennie. Proszę odpowiednio zmniejszyć dawkę głównego posiłku.Pamiętaj, aby zapewnić zwierzęciu stały dostęp do świeżej wody do picia."}, {"header": "Pozostałe informacje", "content": "Producent:Mars Polska sp. z o.o.,\nKożuszki Parcel 42,\n96-500 Sochaczew\n0-801 10 63 63Dystrybutor:Mars Polska sp. z o.o.Kożuszki Parcel 42 96-500 SochaczewNazwa wymagana prawnie:Dreamies Creamy Karma uzupełniająca dla kotów z wybornym łososiem 40 g (4 x 10 g)"}], "images": ["data/images/7c1a0165f9d5f8af5cb82f14dc45b2a3.jpg"], "absolute_path": "Dla zwierząt/Dla kota/Przysmaki/Produkt 4"}
{"name": "Produkt 5", "url": "https://zakupy.biedronka.pl/dreamies-dreamies-meaty-sticks-karma-uzupelniajaca-dla-kotow-z-kurczakiem-6-x-5-g-30-g-0000010464.html", "title": "Dreamies Meaty Sticks Karma uzupełniająca dla kotów z kurczakiem (6 x 5 g) 30 g", "brand": "Dreamies", "price": "7.99 PLN", "packaging_details": "30g- 0,27 zł / g", "description_sections": [{"header": "Opis produktu", "content": "Karma uzupełniająca dla dorosłych kotów.Koty nie potrafią oprzeć się przysmakom Dreamies Cat Treats.Dreamies Meaty Sticks to jeszcze więcej podekscytowania dla Twojego kota. Uwolnij jego naturę drapieżniką, aby z dziką przyjemnością polował na pyszne, miękkie i smakowite przysmaki.Subrand:Meaty Sticks"}, {"header": "Składniki i alergeny", "content": "Składniki:mięso i produkty pochodzenia zwierzęcego (łącznie 90 % w tym kurczak 26 %),drożdże,cukry,substancje mineralne,produkty pochodzenia roślinnego"}, {"header": "Przechowywanie i sposób przygotowania", "content": "Sposób podania:Podawaj przysmak w całości lub podziel go na mniejsze kawałki i zobacz, jak szybko Twój kot podbiegnie do Ciebie!Sposób karmienia: Podawać 1 sztukę na dzień. Nie jest przeznaczony dla kociąt. Proszę odpowiednio zmniejszyć dawkę głównego posiłku. Przysmak może być podawany w całości lub połamany na małe kawałki.Pamiętaj, aby zapewnić zwierzęciu stały dostęp do świeżej wody do picia."}, {"header": "Pozostałe informacje", "content": "Producent:Mars Polska sp. z o.o.,\nKożuszki Parcel 42,\n96-500 Sochaczew\n0-801 10 63 63\nhttps:\\\\www.dreamies.plDystrybutor:Mars Polska sp. z o.o.Kożuszki Parcel 42 96-500  SochaczewNazwa wymagana prawnie:Dreamies Meaty Sticks Karma uzupełniająca dla kotów z kurczakiem 30 g (6 x 5 g)"}], "images": ["data/images/e99d70f9134055ae4f2c499f6db56bc2.jpg"], "absolute_path": "Dla zwierząt/Dla kota/Przysmaki/Produkt 5"}
{"name": "Produkt 3", "url": "https://zakupy.biedronka.pl/felix-felix-party-mix-dairy-delight-o-smaku-pysznego-odtluszczonego-mleka-smakowitego-jogurtu-i-sera-60-g-0000004112.html", "title": "Felix Party Mix Dairy Delight o smaku pysznego odtłuszczonego mleka, smakowitego jogurtu i sera 60 g", "brand": "Felix", "price": "5.99 PLN", "packaging_details": "0.06kg- 99,83 zł / kg", "description_sections": [{"header": "Opis produktu", "content": "Dziel więcej wspaniałych chwil ze swoich psotnym kotem dając mu FELIX Party Mix Dairy Delight - miks przekąsek o mlecznych smakach: pysznego odtłuszczonego mleka, smakowitego jogurtu czy apetycznego sera.A to nie wszystko! Felix Party Mix Dairy Delight ma obniżoną zawartość laktozy, dzięki czemu nie powinna wpływać negatywnie na trawienie Twojego kota, jednocześnie zawiera białko, witaminy i wapń, aby pomóc Twojemu kotu żyć zdrowo i szczęśliwie."}, {"header": "Składniki i alergeny", "content": "Składniki:Skład: zboża, mięso i produkty pochodzenia zwierzęcego (25%), roślinne ekstrakty białkowe, oleje i tłuszcze, składniki mineralne, drożdże,rybyi produktyrybne,mlekoi produktymleczne(odtłuszczonemlekow proszku 0,2%,jogurtw proszku 0,2%,sercheddar w proszku 0,2%). Składniki analityczne: białko: 35,5%, tłuszcz surowy: 19%, popiół surowy: 9%, włókno surowe:1%, Wapń: 1,5%,laktoza: 0,3%. Dodatki: Dodatki dietetyczne: IU/kg: wit. A: 32000; wit. D3: 1040; wit. E: 170; mg/kg: siarczan żelaza (II), monohydrat: (Fe:83); bezwodny jodan wapnia: (I:2.1); pentahydrat siarczanu miedzi (II): (Cu:12); siarczan manganawy, monohydrat: (Mn:39); jednowodny siarczan cynku: (Zn:130); Selenin sodu: (Se:0.12). Barwniki i przeciwutleniacze."}, {"header": "Pozostałe informacje", "content": "Kraj pochodzenia:NiemcyKraj pochodzenia zależy od konkretnej partii produktu jaka znajduje się w sklepie. Informację o kraju pochodzenia znajdziesz na opakowaniu. Możesz również dodać komentarz z preferowanym typem produktu w koszyku lub wiadomości dla shoppera (np. “prosze o pomidory polskie”).Producent:Nestlé Polska S.A.,\nul. Domaniewska 32,\n02-672 Warszawa\n\nInfolinia: 800 174 902\ncs@pl.nestle.com\nwww.purina.plDystrybutor:Nestle Polska S.ADomaniewska 32 02-672 Warszawacs@pl.nestle.comNazwa wymagana prawnie:Karma uzupełniająca dla dorosłych kotów"}], "images": ["data/images/813bc0ad554b9836933e0bfa25c8a3e5.jpg", "data/images/e5c72324446f58c3d9df078a7323405b.jpg"], "absolute_path": "Dla zwierząt/Dla kota/Przysmaki/Produkt 3"}
{"name": "Produkt 7", "url": "https://zakupy.biedronka.pl/dreamies-dreamies-karma-uzupelniajaca-z-pysznym-kurczakiem-60-g-0000003549.html", "title": "Dreamies Karma uzupełniająca z pysznym kurczakiem 60 g", "brand": "Dreamies", "price": "6.49 PLN", "packaging_details": "0.06kg- 108,17 zł / kg", "description_sections": [{"header": "Opis produktu", "content": "Karma uzupełniająca dla dorosłych kotów i kociąt powyżej 8 tygodnia życia.- Przeznaczony dla kociąt!- Wyprodukowano z naturalnymi składnikami**Składniki naturalnego pochodzenia."}, {"header": "Składniki i alergeny", "content": "Składniki:zboża*,produkty pochodzenia roślinnego,oleje i tłuszcze,mięso i produkty pochodzenia zwierzęcego (w tym kurczak 4 %),roślinne ekstrakty białkowe,substancje mineralne,*Składniki naturalnego pochodzenia"}, {"header": "Przechowywanie i sposób przygotowania", "content": "Sposób podania:Sposób karmienia: W przypadku kotów dorosłych podawać do 20 sztuk dziennie. W przypadku kociąt podawać do 6 sztuk dziennie. Proszę odpowiednio zmniejszyć dawkę głównego posiłku.  Pamiętaj, aby zapewnić zwierzęciu stały dostęp do świeżej wody do picia."}, {"header": "Pozostałe informacje", "content": "Nazwa wymagana prawnie:Dreamies Karma uzupełniająca dla dorosłych kotów i kociąt ze smakowitym kurczakiem 60 g"}], "images": ["data/images/e61108dc5c4fa0360beaad8f787a52ce.jpg"], "absolute_path": "Dla zwierząt/Dla kota/Przysmaki/Produkt 7"}
{"name": "Produkt 10", "url": "https://zakupy.biedronka.pl/dreamies-dreamies-karma-uzupelniajaca-z-serem-60-g-0000003551.html", "title": "Dreamies Karma uzupełniająca z serem 60 g", "brand": "Dreamies", "price": "6.49 PLN", "packaging_details": "0.06kg- 108,17 zł / kg", "description_sections": [{"header": "Opis produktu", "content": "Przeznaczony dla kociąt!Wyprodukowano z naturalnymi składnikami**Składniki naturalnego pochodzenia"}, {"header": "Składniki i alergeny", "content": "Składniki:zboża*,produkty pochodzenia roślinnego,oleje i tłuszcze,mięso i produkty pochodzenia zwierzęcego,roślinne ekstrakty białkowe,substancje mineralne,mlekoi produktymleczne(w tym suszonyserw proszku 2,1 %, co odpowiada zawartościsera: 4 %),*Składniki naturalnego pochodzenia"}, {"header": "Przechowywanie i sposób przygotowania", "content": "Sposób podania:Sposób karmienia: W przypadku kotów dorosłych podawać do 20 sztuk dziennie. W przypadku kociąt podawać do 6 sztuk dziennie. Proszę odpowiednio zmniejszyć dawkę głównego posiłku. Pamiętaj, aby zapewnić zwierzęciu stały dostęp do świeżej wody do picia."}, {"header": "Pozostałe informacje", "content": "Nazwa wymagana prawnie:Dreamies Karma uzupełniająca dla dorosłych kotów i kociąt z pysznym serem 60 g"}], "images": ["data/images/7bfece1760e03c03c983c5e9686260e0.jpg"], "absolute_path": "Dla zwierząt/Dla kota/Przysmaki/Produkt 10"}
{"name": "Produkt 11", "url": "https://zakupy.biedronka.pl/dreamies-dreamies-karma-uzupelniajaca-z-nuta-kocimietki-60-g-0000003552.html", "title": "Dreamies Karma uzupełniająca z nutą kocimiętki 60 g", "brand": "Dreamies", "price": "6.49 PLN", "packaging_details": "0.06kg- 108,17 zł / kg", "description_sections": [{"header": "Opis produktu", "content": "Karma uzupełniająca dla dorosłych kotów i kociąt powyżej 8 tygodnia życia.- Wyprodukowano z naturalnymi składnikami*- Przeznaczony dla kociąt!*Składniki naturalnego pochodzenia."}, {"header": "Składniki i alergeny", "content": "Składniki:zboża*,produkty pochodzenia roślinnego,oleje i tłuszcze,mięso i produkty pochodzenia zwierzęcego,roślinne ekstrakty białkowe,substancje mineralne,*Składniki naturalnego pochodzenia"}, {"header": "Pozostałe informacje", "content": "Nazwa wymagana prawnie:Dreamies Karma uzupełniająca dla dorosłych kotów i kociąt z nutą kocimiętki 60 g"}], "images": ["data/images/4ec16eed08f95b799e22bd6d385e8f93.jpg"], "absolute_path": "Dla zwierząt/Dla kota/Przysmaki/Produkt 11"}
{"name": "Produkt 8", "url": "https://zakupy.biedronka.pl/felix-felix-party-mix-mixed-grill-przekaski-o-smaku-wolowiny-kurczaka-i-lososia-60-g-0000004115.html", "title": "Felix Party Mix Mixed Grill Przekąski o smaku wołowiny kurczaka i łososia 60 g", "brand": "Felix", "price": "5.99 PLN", "packaging_details": "0.06kg- 99,83 zł / kg", "description_sections": [{"header": "Opis produktu", "content": "Karma uzupełniająca dla dorosłych kotów.białkowitaminyomega-6Subrand:Party Mix"}, {"header": "Składniki i alergeny", "content": "Składniki:mięso i produkty pochodzenia zwierzęcego (z czego kurczak 7 %, wołowina 1 %),zboża,oleje i tłuszcze,roślinne ekstrakty białkowe,minerały,drożdże,rybyi produktyrybne(łosoś1 %),warzywa"}, {"header": "Przechowywanie i sposób przygotowania", "content": "Sposób podania:Zalecenia żywieniowe: Dzienna porcja żywieniowa do: 13 g lub 35 sztuk dla dorosłego kota o wadze 4 kg. Zwierzę powinno mieć stały dostęp do czystej, świeżej wody do picia. Aby dbać o zdrowie kota przestrzegaj zaleceń żywieniowych i odpowiednio dostosuj główny posiłek. Nadzoruj swojego kota podając mu przekąski."}, {"header": "Pozostałe informacje", "content": "Producent:Nestlé Polska S.A.,\nul. Domaniewska 32,\n02-672 Warszawa\n\nInfolinia: 800 174 902\ncs@pl.nestle.com\nwww.purina-felix.plNazwa wymagana prawnie:Felix Party Mix Mixed Grill Przekąski o smaku wołowiny kurczaka i łososia 60 g"}], "images": ["data/images/92cfe0be3c65edc38cafac58e2230372.jpg"], "absolute_path": "Dla zwierząt/Dla kota/Przysmaki/Produkt 8"}
{"name": "Produkt 9", "url": "https://zakupy.biedronka.pl/felix-felix-party-mix-ocean-o-smaku-lososia-dorsza-czarnego-i-pstraga-60-g-0000004117.html", "title": "Felix Party Mix Ocean o smaku łososia, dorsza czarnego i pstrąga 60 g", "brand": "Felix", "price": "5.99 PLN", "packaging_details": "0.06kg- 99,83 zł / kg", "description_sections": [{"header": "Opis produktu", "content": "FELIX® Party Mix Ocean o smaku łososia, dorsza czarnego i pstrąga. Zawiera mix łakoci, które kuszą aromatem, zaskakują teksturą i pysznie smakują.A to nie wszystko! FELIX® Party Mix zawiera białko, witaminy i kwasy tłuszczowe omega-6, aby pomóc Twojemu kotu żyć zdrowo i szczęśliwie.FELIX® Party Mix jest dostępny w różnych smakach dla Twojego kota. Wypróbuj je z Twoim kotem i ciesz się ekscytującą różnorodnością!"}, {"header": "Składniki i alergeny", "content": "Składniki:Skład: mięso i produkty pochodzenia zwierzęcego (32%), zboża, oleje i tłuszcze, roślinne ekstrakty białkowe,rybyi produktyrybne(2%, w tymłosoś0.5%, pstrąg 0.5%, mintaj 0.2%), minerały, drożdże. Składniki analityczne: białko: 35,5%, tłuszcz surowy: 19,5%, popiół surowy: 9%, włókno surowe: 0,5%, kwasy tłuszczowe Omega-6: 2,6%. Dodatki: Dodatki dietetyczne: IU/kg: witamina A: 32000; witamina D3: 1040; witamina E: 170 mg/kg: siarczan żelaza (II), monohydrat: (Fe: 84); bezwodny jodan wapnia: (I: 1,3); pentahydrat siarczanu miedzi (II): (Cu: 8,8); siarczan manganawy, monohydrat: (Mn: 30); jednowodny siarczan cynku: (Zn: 77); selenin sodu: (Se: 0,091)."}, {"header": "Pozostałe informacje", "content": "Kraj pochodzenia:NiemcyKraj pochodzenia zależy od konkretnej partii produktu jaka znajduje się w sklepie. Informację o kraju pochodzenia znajdziesz na opakowaniu. Możesz również dodać komentarz z preferowanym typem produktu w koszyku lub wiadomości dla shoppera (np. “prosze o pomidory polskie”).Producent:Nestlé Polska S.A.,\nul. Domaniewska 32,\n02-672 Warszawa\n\nInfolinia: 800 174 902\ncs@pl.nestle.com\nwww.purina.plDystrybutor:Nestle Polska S.ADomaniewska 32 02-672 Warszawacs@pl.nestle.comNazwa wymagana prawnie:Karma uzupełniająca dla dorosłych kotów"}], "images": ["data/images/1f2fe8e21933ec23fa6cd8d7e80cb753.jpg", "data/images/614e686bc285974cb9aee64cf54774b2.jpg"], "absolute_path": "Dla zwierząt/Dla kota/Przysmaki/Produkt 9"}
{"name": "Produkt 3", "url": "https://zakupy.biedronka.pl/perfect-fit-perfect-fit-adult-1plus-%3C10-kg-sucha-karma-dla-doroslych-psow-14-kg-0000007539.html", "title": "Perfect Fit Adult 1+ <10 kg Sucha karma dla dorosłych psów 1,4 kg", "brand": "Perfect Fit", "price": "29.99 PLN", "packaging_details": "1.2kg- 24,99 zł / kg", "description_sections": [{"header": "Opis produktu", "content": "Sucha karma pełnoporcjowa dla dorosłych psów małych ras.Każda z naszych pysznych receptur Perfect Fit zawiera unikalną formułę, która wspiera zdrowie całego organizmu Twojego psa oraz zapewnia mu dodatkowe korzyści zdrowotne, które są specjalnie dopasowane do jego wieku i stylu życia.Wyprodukowano ze składnikami wysokiej jakościAdult+Dobre trawienieZawiera mieszankę włókien, które sprzyjają dobrej jakości kału.Total 5Wsparcie naturalnych mechanizmów obronnychZ dodatkiem witaminy E, która wspiera naturalną silną odporność.Zdrowie jamy ustnejZawiera aktywny składnik o udowodnionym działaniu ograniczającym tworzenie się kamienia nazębnego, pomagający utrzymać czyste zęby i zdrowe dziąsła.Zdrowe trawienieFormuła z wysokiej jakości białkami, aby wspierać zdrowe trawienie.Utrzymanie optymalnej masyNasze receptury zostały opracowane tak, aby zapewnić im wszystkie potrzebne składniki odżywcze i energię, jednocześnie dbając o utrzymanie optymalnej masy ciała i dobrej kondycji organizmu.Zdrowa skóra i sierśćNasze receptury zawierają biotynę i cynk, aby wspomóc zdrową skórę i sierść.Opracowana przy udziale naszych lekarzy weterynarii i specjalistów do spraw żywienia z Instytutu Nauki o Zwierzętach Waltham, nasza receptura wspiera zdrowie całego organizmu Twojego psa."}, {"header": "Składniki i alergeny", "content": "Składniki:suszone białko drobiowe (w tym kurczak 21 %),pszenica,kukurydza,tłuszcz drobiowy,suszone białko wołowe,wysłodki buraczane (2.6 %),hydrolizat wątróbki,substancje mineralne (w tym tripolifosforan sodu 0.4 %),ekstrakt z cykorii (0.57 %)"}, {"header": "Przechowywanie i sposób przygotowania", "content": "Sposób podania:Sposób karmienia: Należy uwzględnić kalorie pochodzące z przysmaków. Ilości karmy są podane wyłącznie jako wskazówki. Należy dostosować ilość karmy do wieku, rozmiaru i poziomu aktywności psa. Przy zmianie diety należy wprowadzać karmę stopniowo. Aby uzyskać więcej informacji, odwiedź naszą stronę internetową. Zapewnij świeżą wodę do picia."}, {"header": "Pozostałe informacje", "content": "Producent:Mars Polska sp. z o.o.,\nKożuszki Parcel 42,\n96-500 Sochaczew\n0-801 10 63 63,\nwww.perfect-fit.plNazwa wymagana prawnie:Perfect Fit Adult 1+ <10 kg Sucha karma dla dorosłych psów 1400 g"}], "images": ["data/images/e54fa7e68f080d6185dcbaaea67a4877.jpg"], "absolute_path": "Dla zwierząt/Dla psa/Karmy suche/Produkt 3"}
{"name": "Produkt 1", "url": "https://zakupy.biedronka.pl/kitty-kitty-zwirek-dla-kotow-silikonowy-38-l-0000010737.html", "title": "Kitty Żwirek dla kotów silikonowy 3,8 l", "brand": "Kitty", "price": "21.99 PLN", "packaging_details": "3.8l- 5,79 zł / l", "description_sections": [{"header": "Opis produktu", "content": "Zalety żwirku silikonowego Kitty: Niweluje nieprzyjemne zapachy. Żwirek silikonowy wchłania i zatrzymuje nieprzyjemny zapach. Błyskawiczne wchłanianie. Nadmiar cieczy paruje pozostawiając kuwetę wolną od nieprzyjemnych zapachów. Łatwy w utrzymaniu czystości. Antybakteryjny, Bezzapachowy, Na miesiąc."}, {"header": "Składniki i alergeny", "content": "Składniki:Ditlenek krzemu (SiO2)"}, {"header": "Pozostałe informacje", "content": "Nazwa wymagana prawnie:Żwirek dla kotów silikonowy"}], "images": ["data/images/f4c3c08ddde0e899c4dca71b54aceaca.jpg"], "absolute_path": "Dla zwierząt/Dla kota/Żwirek/Produkt 1"}
{"name": "Produkt 2", "url": "https://zakupy.biedronka.pl/activ-pet-activ-pet-karma-sucha-z-jagniecina-2-kg-0000005020.html", "title": "Activ Pet Karma sucha z jagnięciną 2 kg", "brand": "Activ Pet", "price": "17.99 PLN", "packaging_details": "2kg- 9,00 zł / kg", "description_sections": [{"header": "Opis produktu", "content": "Czy Twój pies uwielbia zabawę i spacery? Karma Activ Pet została stworzona z myślą o potrzebach Twojego pupila. Dzięki zawartym składnikom odżywczym i minerałom, Activ Pet daje Twojemu psu to, co niezbędne do utrzymania właściwej kondycji. Ten optymalnie zbilansowany posiłek zapewnia mu mnóstwo energii, której na co dzień potrzebuje."}, {"header": "Składniki i alergeny", "content": "Składniki:Mięso i produkty pochodzenia zwierzęcego (30%, w tym 5% dehydratyzowanej jagnięciny), zboża (10% ryżu), produkty pochodzenia roślinnego (0,3% inuliny), oleje i tłuszcze (0,5% oleju złososia), minerały, drożdże,jajai produkty zjaj."}, {"header": "Pozostałe informacje", "content": "Kraj pochodzenia:Unia EuropejskaKraj pochodzenia zależy od konkretnej partii produktu jaka znajduje się w sklepie. Informację o kraju pochodzenia znajdziesz na opakowaniu. Możesz również dodać komentarz z preferowanym typem produktu w koszyku lub wiadomości dla shoppera (np. “prosze o pomidory polskie”).Producent:United Petfood Polska Sp. z o.o.Dystrybutor:Jeronimo Martins Polska S.A.Żniwna 5 62-025 KostrzynImporter:Jeronimo Martins Polska S.A.Żniwna 5 62-025 Kostrzyn PLNazwa wymagana prawnie:Karma pełnoporcjowa dla psów dorosłych z jagnięciną"}], "images": ["data/images/9da4d1d1d84b16ad19c64394e6925fb4.jpg"], "absolute_path": "Dla zwierząt/Dla psa/Karmy suche/Produkt 2"}
{"name": "Produkt 1", "url": "https://zakupy.biedronka.pl/pedigree-pedigree-sucha-karma-dla-psow-naturalne-skladniki-bogate-w-wolowine-tender-goodness-17-kg-0000017312.html", "title": "Pedigree Sucha karma dla psów naturalne składniki bogate w wołowinę Tender Goodness 1,7 kg", "brand": "Pedigree", "price": "29.99 PLN", "packaging_details": "1.7kg- 17,64 zł / kg", "description_sections": [{"header": "Opis produktu", "content": "Sucha karma pełnoporcjowa dla dorosłych psówWysokiej jakości białko100 % mięsistych kawałków ze świeżym smakiem wołowiny, który Twój pies pokocha. Dopasowany rozmiar granulki.Zdrowe zębyZbilansowane proporcje substancji mineralnych, aby zachować zdrowe zębyWsparcie naturalnych mechanizmów obronnychNasze receptury zawierają witaminę E, która posiada właściwości antyoksydacyjne i wspomaga naturalne mechanizmy obronne Twojego psa.Zdrowe trawienieNasze produkty zawierają naturalne włókna pokarmowe i wysokiej jakości białko, które wspomagają zdrowe trawienie.Bez użycia sztucznych dodatków smakowych i barwnikówOpracowane przez specjalistów ds. żywienia i lekarzy weterynarii z Instytutu Nauki o Zwierzętach Waltham.www.waltham.comBez oleju palmowegoSubrand:Tender Goodness"}, {"header": "Składniki i alergeny", "content": "Składniki:zboża*,mięso i produkty pochodzenia zwierzęcego (22 %, w tym wołowina 14 %, z czego świeża wołowina 4 %*),produkty pochodzenia roślinnego (w tym wysłodków buraczanych suszonych 3 %*),oleje i tłuszcze,substancje mineralne,warzywa* (w tym suszona marchewka 0.5 %, co odpowiada zawartości marchewki 4 %),*Składniki naturalnego pochodzenia"}, {"header": "Przechowywanie i sposób przygotowania", "content": "Sposób podania:Sposób karmienia: Należy uwzględnić kalorie pochodzące z przysmaków. Ilości karmy są podane wyłącznie jako wskazówki. Należy dostosować ilość karmy do wieku, rozmiaru i poziomu aktywności psa. Przy zmianie diety należy wprowadzać karmę stopniowo. Aby uzyskać więcej informacji, odwiedź naszą stronę internetową, Zapewnij świeżą wodę do picia."}, {"header": "Pozostałe informacje", "content": "Nazwa wymagana prawnie:Pedigree Tender Goodness Sucha karma dla psów naturalne składniki bogate w wołowinę 1,7 kg"}], "images": ["data/images/4e6cb97db2c17c3a6d9e6f7c051c50bf.jpg"], "absolute_path": "Dla zwierząt/Dla psa/Karmy suche/Produkt 1"}
{"name": "Produkt 12", "url": "https://zakupy.biedronka.pl/felix-felix-party-mix-original-o-smaku-kurczaka-watrobki-i-indyka-60-g-0000004116.html", "title": "Felix Party Mix Original o smaku kurczaka, wątróbki i indyka 60 g", "brand": "Felix", "price": "5.99 PLN", "packaging_details": "0.06kg- 99,83 zł / kg", "description_sections": [{"header": "Opis produktu", "content": "Dziel więcej wspaniałych chwil ze swoich psotnym kotem dając mu FELIX® Party Mix Original o smaku kurczaka, wątróbki i indyka. Zawiera mix łakoci, które kuszą aromatem, zaskakują teksturą i pysznie smakują.A to nie wszystko! FELIX® Party Mix zawiera białko, witaminy i kwasy tłuszczowe omega-6, aby pomóc Twojemu kotu żyć zdrowo i szczęśliwie.FELIX® Party Mix jest dostępny w różnych smakach dla Twojego kota. Wypróbuj je z Twoim kotem i ciesz się ekscytującą różnorodnością!"}, {"header": "Składniki i alergeny", "content": "Składniki:Skład: mięso i produkty pochodzenia zwierzęcego (34%, w tym kurczak 8%, wątróbka 2%, indyk 0,2%), zboża, oleje i tłuszcze, roślinne ekstrakty białkowe, składniki mineralne, cukry, drożdże,rybyi produktyrybne. Składniki analityczne: białko: 35.0%, tłuszcz surowy: 19.5%, popiół surowy: 9.0%, włókno surowe: 0.5%, kwasy tłuszczowe Omega 6: 2.6% Dodatki dietetyczne: IU/kg: wit. A: 32000; wit. D3: 1040; wit. E: 170; mg/kg: siarczan żelaza (II), monohydrat: (Fe: 84); bezwodny jodan wapnia: (I: 2.1); pentahydrat siarczanu miedzi (II): (Cu: 13); jednowodny siarczan manganu: (Mn: 39); jednowodny siarczan cynku: (Zn: 130); Selenin sodu: (Se: 0.12). Barwniki i przeciwutleniacze."}, {"header": "Pozostałe informacje", "content": "Kraj pochodzenia:NiemcyKraj pochodzenia zależy od konkretnej partii produktu jaka znajduje się w sklepie. Informację o kraju pochodzenia znajdziesz na opakowaniu. Możesz również dodać komentarz z preferowanym typem produktu w koszyku lub wiadomości dla shoppera (np. “prosze o pomidory polskie”).Producent:Nestlé Polska S.A.,\nul. Domaniewska 32,\n02-672 Warszawa\n\nInfolinia: 800 174 902\ncs@pl.nestle.com\nwww.purina.plDystrybutor:Nestle Polska S.ADomaniewska 32 02-672 Warszawacs@pl.nestle.comNazwa wymagana prawnie:Karma uzupełniająca dla dorosłych kotów"}], "images": ["data/images/615cb88442fa1cd0244dc3b45eb7c660.jpg", "data/images/467bdc1baa1eb8ea13fbe211d7e11047.jpg"], "absolute_path": "Dla zwierząt/Dla kota/Przysmaki/Produkt 12"}
{"name": "Produkt 4", "url": "https://zakupy.biedronka.pl/perfect-fit-perfect-fit-sucha-karma-dla-starszych-psow-senior-10plus-%3C10-kg-825-g-0000022893.html", "title": "Perfect Fit Sucha karma dla starszych psów Senior 10+ <10 kg 825 g", "brand": "Perfect Fit", "price": "19.99 PLN", "packaging_details": "0.825kg- 24,23 zł / kg", "description_sections": [{"header": "Opis produktu", "content": "Sucha karma pełnoporcjowa dla starszych psów.Każda z naszych pysznych receptur Perfect Fit zawiera unikalną formułę, która wspiera zdrowie całego organizmu Twojego psa oraz zapewnia mu dodatkowe korzyści zdrowotne, które są specjalnie dopasowane do jego wieku i stylu życia.Senior 10+Sprawność ruchowaZ dodatkiem glukozaminy, która wspiera ruchomość stawów.Total 5Wsparcie naturalnych mechanizmów obronnychZ dodatkiem witaminy E, która wspiera naturalną silną odporność.Zdrowie jamy ustnejZawiera aktywny składnik o udowodnionym działaniu ograniczającym tworzenie się kamienia nazębnego, pomagający utrzymać czyste zęby i zdrowe dziąsła.Zdrowe trawienieFormuła z wysokiej jakości białkami, aby wspierać zdrowe trawienie.Utrzymanie optymalnej masy i kondycji ciałaNasze receptury zostały opracowane tak, aby zapewnić im wszystkie potrzebne składniki odżywcze i energię, jednocześnie dbając o utrzymanie optymalnej masy clała i dobrej kondycji organizmu.Zdrowa skóra i sierśćNasze receptury zawierają biotynę i cynk, aby wspomóc zdrową skórę i sierść.Opracowana przy udziale naszych lekarzy weterynarii i specjalistów do spraw żywienia z Instytutu Nauki o Zwierzętach Waltham, nasza receptura wspiera zdrowie całego organizmu Twojego psa."}, {"header": "Składniki i alergeny", "content": "Składniki:suszone białko drobiowe (w tym kurczak 23 %),pszenica,kukurydza,tłuszcz drobiowy,suszone białko wołowe,wysłodki buraczane (3.4 %),hydrolizat wątróbki,substancje mineralne (w tym tripolifosforan sodu 0.4 %),ekstrakt z cykorii (0.66 %)"}, {"header": "Przechowywanie i sposób przygotowania", "content": "Sposób podania:Sposób karmienia: Należy uwzględnić kalorie pochodzące z przysmaków (i podawanej karmy mokrej). Ilości karmy są podane wyłącznie jako wskazówki. Należy dostosować ilość karmy do wieku, rozmiaru i poziomu aktywności psa. Podzielić na porcje do podania w ciągu dnia. Przy zmianie diety należy wprowadzać karmę stopniowo. Aby uzyskać więcej informacji, odwiedź naszą stronę internetową. Zapewnij świeżą wodę do picia."}, {"header": "Pozostałe informacje", "content": "Nazwa wymagana prawnie:Perfect Fit Senior 10+ <10 kg Sucha karma dla starszych psów 825 g"}], "images": ["data/images/271d916690d7e4efa539b39f300ebe28.jpg"], "absolute_path": "Dla zwierząt/Dla psa/Karmy suche/Produkt 4"}
{"name": "Produkt 8", "url": "https://zakupy.biedronka.pl/pedigree-pedigree-sucha-karma-dla-psow-z-wolowina-i-warzywami-mini-adult-%3C10-kg-2-kg-0000017313.html", "title": "Pedigree Sucha karma dla psów z wołowiną i warzywami Mini Adult <10 kg 2 kg", "brand": "Pedigree", "price": "29.99 PLN", "packaging_details": "2kg- 17,64 zł / kg", "description_sections": [{"header": "Opis produktu", "content": "Sucha karma pełnoporcjowa dla dorosłych psów.Bez oleju palmowegoZ silnymi z natury superfoodsMarchew jest źródłem witaminy A z beta karotenuGroszek jest źródłem włókna pokarmowego i minerałówZ prebiotykami & superfoodsPielęgnacja jamy ustnejKażdy pies zasługuje na szczęśliwy uśmiech, stąd tak ważne jest dla niego utrzymanie zdrowych zębów i dziąseł. Dlatego granulki naszej karmy mają specjalnie opracowaną teksturę, która pomaga oczyszczać zęby Twojego psa.Zdrowa skóra i sierśćZ wybranymi witaminami z grupy B i cynkiem, aby pomóc Twojemu psu wyglądać i czuć się świetnie.Zdrowe trawienieKażdy pies zasługuje na zdrowy brzuszek. Nasze produkty zawierają naturalne włókno pokarmowe, prebiotyki i wysokiej jakości białka, które wspomagają zdrowe trawienie.Wsparcie naturalnych mechanizmów obronnychNasze receptury zawierają witaminę E, która posiada właściwości antyoksydacyjne i wspomaga naturalne mechanizmy obronne Twojego psa.Opracowane przez specjalistów ds. żywienia i lekarzy weterynarii z Instytutu Nauki o Zwierzętach Waltham.www.waltham.com"}, {"header": "Składniki i alergeny", "content": "Składniki:zboża*,mięso i produkty pochodzenia zwierzęcego (w tym wołowina 4 %),oleje i tłuszcze,produkty pochodzenia roślinnego (w tym wysłodków buraczanych suszonych 3 %),substancje mineralne (w tym tripolifosforan sodu 0.4 %),warzywa* (w tym mieszanka suszonego groszku i marchewki 0.7 %, co odpowiada zawartości mieszanki groszku i marchewki 4 %),drożdże (w tym drożdże browarnicze 0.4 %),*Składniki naturalnego pochodzenia"}, {"header": "Przechowywanie i sposób przygotowania", "content": "Sposób podania:Sposób karmienia: Należy uwzględnić kalorie pochodzące z przysmaków. Ilości karmy są podane wyłącznie jako wskazówki. Należy dostosować ilość karmy do wieku, rozmiaru i poziomu aktywności psa. Przy zmianie diety należy wprowadzać karmę stopniowo. Aby uzyskać więcej informacji, odwiedź naszą stronę internetową. Zapewnij świeżą wodę do picia."}, {"header": "Pozostałe informacje", "content": "Producent:Mars Polska sp. z o.o.,\nKożuszki Parcel 42,\n96-500 Sochaczew\n0-801 10 63 63,\nwww.pedigree.plDystrybutor:Mars Polska sp. z o.o.Kożuszki Parcel 42 96-500 SochaczewNazwa wymagana prawnie:Pedigree Mini Adult <10 kg Sucha karma dla psów z wołowiną i warzywami 2 kg"}], "images": ["data/images/e60889d75b7c75e1e33a1d53cbf1e888.jpg"], "absolute_path": "Dla zwierząt/Dla psa/Karmy suche/Produkt 8"}
{"name": "Produkt 6", "url": "https://zakupy.biedronka.pl/chappi-chappi-sucha-karma-dla-doroslych-psow-z-wolowina-drobiem-i-warzywami-27-kg-0000008316.html", "title": "Chappi Sucha karma dla dorosłych psów z wołowiną drobiem i warzywami 2,7 kg", "brand": "Chappi", "price": "25.99 PLN", "packaging_details": "2.7kg- 9,63 zł / kg", "description_sections": [{"header": "Opis produktu", "content": "Sucha karma pełnoporcjowa dla dorosłych psów.Karma sucha Chappi jest kompletnym i zbilansowanym pokarmem. Który sprawi, że Twój pies będzie dobrze odżywiony, szczęśliwy i pełny życia. Receptura Chappi ma także pyszny smak, który psy uwielbiają! Karma sucha Chappi zawiera ponad 30 substancji odżywczych, w tym białka, witaminy i substancje mineralne pochodzące z różnorodnych i starannie dobranych składników o doskonałej jakości.Przygotowane przy współpracy z naszymi dietetykami i lekarzami weterynarii z Waltham.www.waltham.com"}, {"header": "Składniki i alergeny", "content": "Składniki:zboża,mięso produkty pochodzenia zwierzęcego (15 %, w tym 4 % wołowiny w czerwonawych granulkach, w tym 4 % drobiu w brązowych granulkach*),produkty pochodzenia roślinnego,oleje i tłuszcze,substancje mineralne,warzywa (w tym 0.54 % suszonej marchewki (co odpowiada 4 % marchewki) w pomarańczowych granulkach i 0.96 % suszonego groszku (co odpowiada 4 % groszku) w zielonych granulkach*),*Czerwonawe i brązowe granulki stanowią zwykle po 46 % produktu, a zarówno pomarańczowe, jak i zielone granulki stanowią zwykle po 4 % produktu"}, {"header": "Przechowywanie i sposób przygotowania", "content": "Sposób podania:Sposób karmienia: Zalecamy podawać zwierzęciu pełnoporcjową karmę Chappi suchą i mokrą. W przypadku psów z nadwagą, zmniejsz dzienną ilość. Uwzględnij okres przejściowy i dostosuj ilości karmy, dzieląc ją na posiłki stosownie do potrzeb zwierzęcia. Aby uzyskać informacje dotyczące żywienia zwierzęcia, odwiedź naszą stronę internetową bądź zadzwoń pod numer naszej infolinii. Zapewnij świeżą wodę do picia."}, {"header": "Pozostałe informacje", "content": "Producent:Mars Polska sp. z o.o.,\nKożuszki Parcel 42,\n96-500 Sochaczew\n0-801 10 63 63Dystrybutor:Mars Polska sp. z o.o.Kożuszki Parcel 42 96-500 SochaczewNazwa wymagana prawnie:Chappi Sucha karma dla dorosłych psów z wołowiną drobiem i warzywami 2,7 kg"}], "images": ["data/images/f3b7cc63928b135c23017fc3dd995330.jpg"], "absolute_path": "Dla zwierząt/Dla psa/Karmy suche/Produkt 6"}
{"name": "Produkt 7", "url": "https://zakupy.biedronka.pl/chappi-chappi-sucha-karma-dla-doroslych-psow-z-drobiem-i-warzywami-27-kg-0000008317.html", "title": "Chappi Sucha karma dla dorosłych psów z drobiem i warzywami 2,7 kg", "brand": "Chappi", "price": "25.99 PLN", "packaging_details": "2.7kg- 9,63 zł / kg", "description_sections": [{"header": "Opis produktu", "content": "Sucha karma pełnoporcjowa dla dorosłych psów.Karma sucha Chappi jest kompletnym i zbilansowanym pokarmem. Który sprawi, że twój pies będzie dobrze odżywiony, szczęśliwy i pełny życia. Receptura Chappi ma także pyszny smak, który psy uwielbiają! karma sucha Chappi zawiera ponad 30 substancji odżywczych, w tym białka, witaminy i substancje mineralne pochodzące z różnorodnych i starannie dobranych składników o doskonałej jakości.Przygotowane przy współpracy z naszymi dietetykami i lekarzami weterynarii z Waltham.www.waltham.com"}, {"header": "Składniki i alergeny", "content": "Składniki:zboża,mięso produkty pochodzenia zwierzęcego (15 %, w tym 4 % drobiu w brązowych granulkach*),produkty pochodzenia roślinnego,oleje i tłuszcze,substancje mineralne,warzywa (w tym 0.54 % suszonej marchewki (co odpowiada 4 % marchewki) w pomarańczowych granulkach i 0.96 % suszonego groszku (co odpowiada 4 % groszku) w zielonych granulkach*),*Brązowe granulki stanowią zwykle 92 % produktu, a zarówno pomarańczowe, jak i zielone granulki stanowią zwykle po 4 % produktu"}, {"header": "Przechowywanie i sposób przygotowania", "content": "Sposób podania:Sposób karmienia: Zalecamy podawać zwierzęciu pełnoporcjową karmę Chappi suchą i mokrą. W przypadku psów z nadwagą, zmniejsz dzienną ilość. Uwzględnij okres przejściowy i dostosuj ilości karmy, dzieląc ją na posiłki stosownie do potrzeb zwierzęcia. Aby uzyskać informacje dotyczące żywienia zwierzęcia, odwiedź naszą stronę internetową bądź zadzwoń pod numer naszej infolinii. Zapewnij świeżą wodę do picia."}, {"header": "Pozostałe informacje", "content": "Producent:Mars Polska sp. z o.o.,\nKożuszki Parcel 42,\n96-500 Sochaczew\n0-801 10 63 63Dystrybutor:Mars Polska sp. z o.o.Kożuszki Parcel 42 96-500 SochaczewNazwa wymagana prawnie:Chappi Sucha karma dla dorosłych psów z drobiem i warzywami 2,7 kg"}], "images": ["data/images/6471495440ea4c9468c88a3ac081f927.jpg"], "absolute_path": "Dla zwierząt/Dla psa/Karmy suche/Produkt 7"}
{"name": "Produkt 5", "url": "https://zakupy.biedronka.pl/activ-pet-activ-pet-bogata-w-kurczaka-bez-dodatku-zboz-2-kg-0000008519.html", "title": "Activ Pet Bogata w kurczaka bez dodatku zbóż 2 kg", "brand": "Activ Pet", "price": "19.99 PLN", "packaging_details": "2kg- 10,00 zł / kg", "description_sections": [{"header": "Opis produktu", "content": "Czy Twój pies uwielbia zabawę i spacery? Karma Activ Pet została stworzona z myślą o potrzebach Twojego pupila. Dzięki zawartym składnikom odżywczym i minerałom, Activ Pet daje Twojemu psu to, co niezbędne do utrzymania właściwej kondycji. Ten optymalnie zbilansowany posiłek zapewnia mu mnóstwo energii, której na co dzień potrzebuje."}, {"header": "Składniki i alergeny", "content": "Składniki:Kurczak (51 %, w tym 26 % kurczak suszony, 25 % kurczak świeży), tłuszcz z kurczaka (9,5 %), groch, groch obłuszczony, płatki ziemniaczane, białko zwierzęce (z kurczaka) hydrolizowane (4 %), marchew suszona (4%), białko ziemniaczane, składniki mineralne, cykoria suszona (1 %), drożdże piwne suszone, wysłodki buraczane suszone (z buraków cukrowych), siemię lniane, olej złososia(0,5 %)"}, {"header": "Pozostałe informacje", "content": "Kraj pochodzenia:Unia EuropejskaKraj pochodzenia zależy od konkretnej partii produktu jaka znajduje się w sklepie. Informację o kraju pochodzenia znajdziesz na opakowaniu. Możesz również dodać komentarz z preferowanym typem produktu w koszyku lub wiadomości dla shoppera (np. “prosze o pomidory polskie”).Dystrybutor:Jeronimo Martins Polska S.A.Żniwna 5 62-025 KostrzynNazwa wymagana prawnie:Karma pełnoporcjowa sucha dla psów dorosłych bogata w kurczaka"}], "images": ["data/images/34205a3f0d3992fdc4f12db8a2ed196e.jpg", "data/images/71d65a349e53fe8ff9dc89794913ce77.jpg", "data/images/da52dcd151e45468dc050c7a8c0223bc.jpg", "data/images/02161c7df3bc98cc0be329f180ac982c.jpg"], "absolute_path": "Dla zwierząt/Dla psa/Karmy suche/Produkt 5"}
{"name": "Produkt 11", "url": "https://zakupy.biedronka.pl/pedigree-pedigree-multivitamins-karma-uzupelniajaca-dla-doroslych-psow-z-kurczakiem-180-g-0000015623.html", "title": "Pedigree Multivitamins Karma uzupełniająca dla dorosłych psów z kurczakiem 180 g", "brand": "Pedigree", "price": "21.99 PLN", "packaging_details": "0.18kg- 122,17 zł / kg", "description_sections": [{"header": "Opis produktu", "content": "Z kurczakiem. Karma uzupełniająca dla dorosłych psów.Dopasowana mieszanka multiwitamin & glukozaminyOkoło 30 kawałków<5 % tłuszczuBez użycia sztucznych barwników i dodatków smakowychOpracowane przy udziale naszych lekarzy weterynarii¹¹Opracowane przy udziale naszych lekarzy weterynarii z Instytutu Nauki o Zwierzętach WalthamSubrand:Multivitamins"}, {"header": "Składniki i alergeny", "content": "Składniki:produkty pochodzenia roślinnego (w tym glukozamina 2.2 %),zboża,roślinne ekstrakty białkowe,nasiona,mięczakiiskorupiaki(w tym zielona małża 2.1 %),substancje mineralne,mięso i produkty pochodzenia zwierzęcego (w tym suszona wątróbka z kurczaka 1.3 %, co odpowiada zawartości wątróbki z kurczaka 6 %),warzywa"}, {"header": "Przechowywanie i sposób przygotowania", "content": "Sposób podania:Sposób karmienia: Małe psy (4-10 kg): podawać 1 przysmak na dzień. Średnie psy (11-20 kg): podawać 2 przysmaki na dzień. Psy średnio-duże (21-30 kg): podawać 3 przysmaki na dzień. Duże psy (31 kg+): podawać 4 przysmaki na dzień. Nie jest przeznaczony dla psów o masie ciała poniżej 4 kg i szczeniąt poniżej 9 miesiąca życia. Proszę odpowiednio zmniejszyć dawkę głównego posiłku. Przysmak może być podawany w całości lub połamany na małe kawałki. W przypadku podawania psu specjalnej diety dla zdrowia stawów, należy skonsultować się z lekarzem weterynarii przed podaniem tego suplementu.Pamiętaj, aby zapewnić zwierzęciu stały dostęp do świeżej wody do picia."}, {"header": "Pozostałe informacje", "content": "Producent:Mars Polska sp. z o.o.,\nKożuszki Parcel 42,\n96-500 Sochaczew\n0-801 10 63 63,\nwww.pedigree.plDystrybutor:Mars Polska sp. z o.o.Kożuszki Parcel 42 96-500 SochaczewNazwa wymagana prawnie:Pedigree Multivitamins Karma uzupełniająca dla dorosłych psów z kurczakiem 180 g"}], "images": ["data/images/cc8fb15d8c6321c0925f367138145c85.jpg"], "absolute_path": "Dla zwierząt/Dla psa/Karmy suche/Produkt 11"}
{"name": "Produkt 10", "url": "https://zakupy.biedronka.pl/perfect-fit-perfect-fit-sensitive-1plus-%3C10-kg-sucha-karma-dla-doroslych-psow-825-g-0000013005.html", "title": "Perfect Fit Sensitive 1+ <10 kg Sucha karma dla dorosłych psów 825 g", "brand": "Perfect Fit", "price": "13.99 PLN", "packaging_details": "0.825kg- 16,96 zł / kg", "description_sections": [{"header": "Opis produktu", "content": "Sucha karma pełnoporcjowa dla dorosłych psów małych ras.Każda z naszych pysznych receptur Perfect Fit zawiera unikalną formułę, która wspiera zdrowie całego organizmu Twojego psa oraz zapewnia mu dodatkowe korzyści zdrowotne, które są specjalnie dopasowane do jego wieku i stylu życia.Sensitive 1+Bez dodatku pszenicy i soiWyprodukowano bez dodatku pszenicy i soi, które są częstym źródłem zaburzeń trawiennych u wrażliwych psów.Wspiera wrażliwy układ trawiennyZ ryżem, łatwostrawnym źródłem energii, który wspiera wrażliwy układ trawienny.Total 5Wsparcie naturalnych mechanizmów obronnychZ dodatkiem witaminy E, która wspiera naturalną silną odporność.Zdrowie jamy ustnejZawiera aktywny składnik o udowodnionym działaniu ograniczającym tworzenie się kamienia nazębnego, pomagający utrzymać czyste zęby i zdrowe dziąsła.Zdrowe trawienieFormuła z wysokiej jakości białkami, aby wspierać zdrowe trawienie.Utrzymanie optymalnej masy i kondycji ciałaNasze receptury zostały opracowane tak, aby zapewnić im wszystkie potrzebne składniki odżywcze i energię, jednocześnie dbając o utrzymanie optymalnej masy ciała i dobrej kondycji organizmu.Zdrowa skóra i sierśćNasze receptury zawierają biotynę i cynk, aby wspomóc zdrową skórę i sierść.Opracowana przy udziale naszych lekarzy weterynarii i specjalistów do spraw żywienia z Instytutu Nauki o Zwierzętach Waltham, nasza receptura wspiera zdrowie całego organizmu Twojego psa."}, {"header": "Składniki i alergeny", "content": "Składniki:suszone białko drobiowe (w tym indyk 14 %),kukurydza,ryż (14 %),tłuszcz drobiowy,wysłodki buraczane (5 %),suszone białko wołowe,hydrolizat wątróbki,ekstrakt z cykorii (1 %),substancje mineralne (w tym tripolifosforan sodu 0.4 %)"}, {"header": "Przechowywanie i sposób przygotowania", "content": "Sposób podania:Sposób karmienia: Należy uwzględnić kalorie pochodzące z przysmaków. Ilości karmy są podane wyłącznie jako wskazówki. Należy dostosować ilość karmy do wieku, rozmiaru i poziomu aktywności psa. Przy zmianie diety należy wprowadzać karmę stopniowo. Aby uzyskać więcej informacji, odwiedź naszą stronę internetową. Zapewnij świeżą wodę do picia."}, {"header": "Pozostałe informacje", "content": "Producent:Mars Polska sp. z o.o.,\nKożuszki Parcel 42,\n96-500 Sochaczew\n0-801 10 63 63,\nwww.perfect-fit.plDystrybutor:Mars Polska sp. z o.o.Kożuszki Parcel 42 96-500 SochaczewNazwa wymagana prawnie:Perfect Fit Sensitive 1+ <10 kg Sucha karma dla dorosłych psów 825 g"}], "images": ["data/images/f84c8b49df1533c617daed5df98faa97.jpg"], "absolute_path": "Dla zwierząt/Dla psa/Karmy suche/Produkt 10"}
{"name": "Produkt 9", "url": "https://zakupy.biedronka.pl/perfect-fit-perfect-fit-adult-bogaty-w-kurczaka-ml-825-g-0000013006.html", "title": "Perfect Fit Adult bogaty w Kurczaka M/L 825 g", "brand": "Perfect Fit", "price": "13.99 PLN", "packaging_details": "0.825kg- 16,96 zł / kg", "description_sections": [{"header": "Opis produktu", "content": "Sucha karma Perfect Fit Adult Bogata w Kurczaka to w 100% pełnowartościowe, zbilansowane oraz smaczne pożywienie dla dorosłych psów średnich i dużych ras. Unikalna receptura karm Perfect Fit została opracowana przez czołowych lekarzy weterynarii oraz specjalistów ds. żywienia, aby zaspokoić  5 podstawowych potrzeb zdrowotnych każdego psa. Dodatkowo, każda karma Perfect Fit zawiera 3 korzyści specjalnie dostosowane do potrzeb konkretnego psa, co pomaga w pełni zadbać o Twojego pupila. Optymalna receptura karmy oraz połączenie witamin i minerałów pomogą Twojemu dorosłemu psu zachować witalność i sprawność fizyczną. Ponadto, specjalnie dobrane białka oraz zawartość glukozaminy naturalnego pochodzenia mają korzystny wpływ na zdrowie stawów i mięśni psów większych ras. Perfect Fit Adult Bogaty w Kurczaka to pełnoporcjowy pokarm, który oprócz wartości odżywczych zapewni Twojemu psu czystą radość jedzenia. Sucha karma Perfect Fit gwarantuje kompleksowe odżywianie dla zdrowego życia."}, {"header": "Składniki i alergeny", "content": "Składniki:\"Skład: suszone białko drobiowe¹ (w tym 18% kurczaka), kukurydza,pszenica, tłuszcz drobiowy, hydrolizat wątroby, wysłodki buraczane (3%), suszone całe jajo (1.2%), chlorek sodu, tripolifosforanu sodu (0.7%), chlorek choliny, olej słonecznikowy (0.4%), chlorek potasu, ekstrakt z cykorii (0.2%). ¹Naturalne źródło glukozaminy. Dodatki / 1 kg: Przeciwutleniacze / Dodatki dietetyczne: Witamina A: 12241 IU, Witamina B1: 7.3 mg, Witamina B2: 12.5 mg, Witamina B6: 3.3 mg, Witamina D3: 1350 IU, Witamina E: 375 mg, Siarczan miedzi pięciowodny: 18.8 mg, Siarczan manganu jednowodny: 122 mg, Jodek potasu: 1.6 mg, Selenin sodu: 0.55 mg, Siarczan cynku jednowodny: 325 mg\""}, {"header": "Pozostałe informacje", "content": "Kraj pochodzenia:NiemcyKraj pochodzenia zależy od konkretnej partii produktu jaka znajduje się w sklepie. Informację o kraju pochodzenia znajdziesz na opakowaniu. Możesz również dodać komentarz z preferowanym typem produktu w koszyku lub wiadomości dla shoppera (np. “prosze o pomidory polskie”).Dystrybutor:Mars Polska Sp. z o.o.Kożuszki Parcel 42 96-500 Sochaczewwaw.reception@effem.comNazwa wymagana prawnie:Perfect Fit Adult bogaty w Kurczaka M/L 825g"}], "images": ["data/images/de6fbb999d39fdf6ba0d14b2272706ea.jpg"], "absolute_path": "Dla zwierząt/Dla psa/Karmy suche/Produkt 9"}
{"name": "Produkt 13", "url": "https://zakupy.biedronka.pl/frolic-frolic-mini-sucha-karma-dla-doroslych-psow-ze-swieza-wolowina-800-g-0000017097.html", "title": "Frolic Mini Sucha karma dla dorosłych psów ze świeżą wołowiną 800 g", "brand": "Frolic", "price": "13.99 PLN", "packaging_details": "0.8kg- 17,49 zł / kg", "description_sections": [{"header": "Opis produktu", "content": "Sucha karma pełnoporcjowa dla dorosłych psów. ze świeżą wołowiną.Dobre jedzenie to pyszny smak i jakościowe składniki.To właśnie dlatego granulki Frolic Ringo są:Miękkie & pyszneBez dodatku cukruBez oleju palmowegoZ niezbędnymi witaminami & minerałamiZ pełnym ziarnemStarannie dobrane składniki"}, {"header": "Składniki i alergeny", "content": "Składniki:zboża* (w tympszenicapełnoziarnista 12 %),mięso i produkty pochodzenia zwierzęcego (w tym świeża wołowina 4 %*),oleje i tłuszcze,produkty pochodzenia roślinnego (w tym wysłodków buraczanych suszonych 3 %*),substancje mineralne,warzywa* (w tym suszona marchewka 0.5 %, co odpowiada zawartości marchewki 4 %),*Składniki naturalnego pochodzenia"}, {"header": "Przechowywanie i sposób przygotowania", "content": "Sposób podania:Sposób karmienia: Należy uwzględnić kalorie pochodzące z przysmaków. Ilości karmy są podane wyłącznie jako wskazówki. Należy dostosować ilość karmy do wieku, rozmiaru i poziomu aktywności psa. Przy zmianie diety należy wprowadzać karmę stopniowo. Aby uzyskać więcej informacji, odwiedź naszą stronę internetową. Zapewnij świeżą wodę do picia."}, {"header": "Pozostałe informacje", "content": "Producent:Mars Polska sp. z o.o.,\nKożuszki Parcel 42,\n96-500 Sochaczew\n0-801 10 63 63Dystrybutor:Mars Polska sp. z o.o.Kożuszki Parcel 42 96-500 SochaczewNazwa wymagana prawnie:Frolic Mini Sucha karma dla dorosłych psów ze świeżą wołowiną 800 g"}], "images": ["data/images/acd2c31fc1d320b538e33575bde8fbfb.jpg"], "absolute_path": "Dla zwierząt/Dla psa/Karmy suche/Produkt 13"}
{"name": "Produkt 12", "url": "https://zakupy.biedronka.pl/perfect-fit-perfect-fit-junior-%3C1-%3C10-kg-sucha-karma-dla-szczeniat-14-kg-0000011868.html", "title": "Perfect Fit Junior <1 <10 kg Sucha karma dla szczeniąt 1,4 kg", "brand": "Perfect Fit", "price": "29.99 PLN", "packaging_details": "1.4kg- 24,99 zł / kg", "description_sections": [{"header": "Opis produktu", "content": "Sucha karma pełnoporcjowa dla szczeniąt.Każda z naszych pysznych receptur Perfect Fit zawiera unikalną formułę, która wspiera zdrowie całego organizmu Twojego psa oraz zapewnia mu dodatkowe korzyści zdrowotne, które są specjalnie dopasowane do jego wieku i stylu życia.Junior <1Zdrowy wzrostOptymalny poziom wapnia i fosforu, dostosowany do potrzeb młodych psów, aby wspierać ich zdrowy wzrost.Total 5Wsparcie naturalnych mechanizmów obronnychZ dodatkiem witaminy E, która wspiera naturalną silną odporność.Zdrowie jamy ustnejZawiera aktywny składnik o udowodnionym działaniu ograniczającym tworzenie się kamienia nazębnego, pomagający utrzymać czyste zęby i zdrowe dziąsła.Zdrowe trawienieFormuła z wysokiej jakości białkami, aby wspierać zdrowe trawienie.Utrzymanie optymalnej masyNasze receptury zostały opracowane tak, aby zapewnić im wszystkie potrzebne składniki odżywcze i energię, jednocześnie dbając o utrzymanie optymalnej masy ciała i dobrej kondycji organizmu.Zdrowa skóra i sierśćNasze receptury zawierają biotynę i cynk, aby wspomóc zdrową skórę i sierść.Opracowana przy udziale naszych lekarzy weterynarii i specjalistów do spraw żywienia z Instytutu Nauki o Zwierzętach Waltham, nasza receptura wspiera zdrowie całego organizmu Twojego psa."}, {"header": "Składniki i alergeny", "content": "Składniki:suszone białko drobiowe (w tym kurczak 25 %),pszenica,kukurydza,tłuszcz drobiowy,suszone białko wołowe,wysłodki buraczane (3 %),hydrolizat wątróbki,substancje mineralne,ekstrakt z cykorii (0.4 %),olej zryb"}, {"header": "Przechowywanie i sposób przygotowania", "content": "Sposób podania:Zalecana dzienna ilość karmyWiek (w miesiącach) 2 / 1 kg* / 25 g / Posiłki 4Wiek (w miesiącach) 2 / 3 kg* / 55 - 60 g / Posiłki 4Wiek (w miesiącach) 2 / 5 kg* / 80 - 90 g / Posiłki 4Wiek (w miesiącach) 2 / 7 kg* / 105 - 115 g / Posiłki 4Wiek (w miesiącach) 2 / 10 kg* / 135 - 150 g / Posiłki 4Wiek (w miesiącach) 4 / 1 kg* / 35 - 40 g / Posiłki 3Wiek (w miesiącach) 4 / 3 kg* / 80 - 85 g / Posiłki 3Wiek (w miesiącach) 4 / 5 kg* / 115 - 125 g / Posiłki 3Wiek (w miesiącach) 4 / 7 kg* / 145 - 160 g / Posiłki 3Wiek (w miesiącach) 4 / 10 kg* / 190 - 210 g / Posiłki 3Wiek (w miesiącach) 6 / 1 kg* / 35 - 40 g / Posiłki 2Wiek (w miesiącach) 6 / 3 kg* / 80 - 85 g / Posiłki 2Wiek (w miesiącach) 6 / 5 kg* / 120 - 130 g / Posiłki 2Wiek (w miesiącach) 6 / 7 kg* / 150 - 165 g / Posiłki 2Wiek (w miesiącach) 6 / 10 kg* / 200 - 220 g / Posiłki 2Wiek (w miesiącach) 9 / 7 kg* / 150 - 165 g / Posiłki 2Wiek (w miesiącach) 9 / 10 kg* / 195 - 215 g / Posiłki 2*Przewidywana masa ciała osobnika dorosłegoSposób karmienia: Dla młodych zwierząt należy zmiękczyć suchą karmę wodą. Uwzględnij okres przejściowy i dostosuj ilości karmy, dzieląc ją na posiłki stosownie do potrzeb zwierzęcia. Aby uzyskać informacje dotyczące żywienia psa, odwiedź naszą stronę internetową bądź zadzwoń pod numer naszej infolinii. Zapewnij świeżą wodę do picia."}, {"header": "Pozostałe informacje", "content": "Producent:Mars Polska sp. z o.o.,\nKożuszki Parcel 42,\n96-500 Sochaczew\n0-801 10 63 63,\nwww.perfect-fit.plNazwa wymagana prawnie:Perfect Fit Junior <1 <10 kg Sucha karma dla szczeniąt 1,4 kg"}], "images": ["data/images/ade36c7ffdee4d7a999eac116714695c.jpg"], "absolute_path": "Dla zwierząt/Dla psa/Karmy suche/Produkt 12"}
{"name": "Produkt 3", "url": "https://zakupy.biedronka.pl/pedigree-pedigree-junior-mokra-karma-dla-szczeniat-z-kurczakiem-w-galaretce-400-g-0000003808.html", "title": "Pedigree Junior Mokra karma dla szczeniąt z kurczakiem w galaretce 400 g", "brand": "Pedigree", "price": "7.99 PLN", "packaging_details": "0.4kg- 19,98 zł / kg", "description_sections": [{"header": "Opis produktu", "content": "Mokra karma pełnoporcjowa dla szczeniąt. z kurczakiem."}, {"header": "Składniki i alergeny", "content": "Składniki:mięso i produkty pochodzenia zwierzęcego* (w tym kurczak 4 % i wątróbka wieprzowa 4 %),zboża,rybyi produktyrybne*,roślinne ekstrakty białkowe,substancje mineralne,produkty pochodzenia roślinnego,*92 % pochodzenia naturalnego"}, {"header": "Przechowywanie i sposób przygotowania", "content": "Sposób podania:100 g karmy mokrej można zastąpić ok. 25 g karmy suchej Pedigree.Sposób karmienia: Należy uwzględnić kalorie pochodzące z przysmaków. Należy dostosować ilość karmy do potrzeb szczenięcia. Jak? Odwiedź naszą stronę internetową. Zapewnij świeżą wodę do picia. Podawać o temperaturze pokojowej, niewykorzystana część przechowywać w lodowce do 2 dni."}, {"header": "Pozostałe informacje", "content": "Nazwa wymagana prawnie:Pedigree Junior Mokra karma dla szczeniąt z kurczakiem w galaretce 400 g"}], "images": ["data/images/e0305012a4e99cec60ed56f982fa0601.jpg"], "absolute_path": "Dla zwierząt/Dla psa/Karmy mokre/Produkt 3"}
{"name": "Produkt 1", "url": "https://zakupy.biedronka.pl/pedigree-pedigree-adult-proteinplus-mokra-karma-dla-doroslych-psow-w-galaretce-340-g-4-x-85-g-0000803615.html", "title": "Pedigree Adult Protein+ Mokra karma dla dorosłych psów w galaretce 340 g (4 x 85 g)", "brand": "Pedigree", "price": "9.99 PLN", "packaging_details": "0.34kg- 29,38 zł / kg", "description_sections": [{"header": "Opis produktu", "content": "Mokra karma pełnoporcjowa dla dorosłych psów.+25 % więcej białka w porównaniu z innymi recepturami saszetek PedigreeOpracowano przy udziale lekarzy weterynarii i specjalistów do spraw żywienia z instytutu Waltham Petcare Science Institute."}, {"header": "Składniki i alergeny", "content": "Składniki:z wołowiną i wątróbką: mięso i produkty pochodzenia zwierzęcego (w kawałkach* 85 %, w tym wołowina 4 % i wątróbka wieprzowa 8 %), roślinne ekstrakty białkowe, substancje mineralne, produkty pochodzenia roślinnego (w tym wysłodków buraczanych suszonych 0.6 %),z kurczakiem i wołowiną: mięso i produkty pochodzenia zwierzęcego (w kawałkach* 85 %, w tym kurczak 4 %, wołowina 4 % i wątróbka wieprzowa 8 %), roślinne ekstrakty białkowe, substancje mineralne, produkty pochodzenia roślinnego (w tym wysłodków buraczanych suszonych 0.6 %),z indykiem i kurczakiem: mięso i produkty pochodzenia zwierzęcego (w kawałkach* 85 %, w tym indyk 4 %, kurczak 4 % i wątróbka wieprzowa 8 %), roślinne ekstrakty białkowe, substancje mineralne, produkty pochodzenia roślinnego (w tym wysłodków buraczanych suszonych 0.6 %),z kaczką i kurczakiem: mięso i produkty pochodzenia zwierzęcego (w kawałkach* 85 %, w tym kaczka 4 %, kurczak 4 % i wątróbka wieprzowa 8 %), roślinne ekstrakty białkowe, substancje mineralne, produkty pochodzenia roślinnego (w tym wysłodków buraczanych suszonych 0.6 %),*93 % naturalnego pochodzenia, kawałki zwykle stanowią 50 % produktu"}, {"header": "Przechowywanie i sposób przygotowania", "content": "Sposób podania:Pies o masie ciała 5 kg potrzebuje 4½ - 5 saszetek dziennie, pies o masie ciała 10 kg potrzebuje 8 - 8½ saszetek dziennie, pies o masie ciała 15 kg potrzebuje 10½ - 12 saszetek dziennie, pies o masie ciała 20 kg potrzebuje 13½ - 14½ saszetek dziennie. 1 saszetkę można zastąpić ok. 20 g karmy suchej Pedigree.  Sposób karmienia: Należy uwzględnić kalorie pochodzące z przysmaków. Należy dostosować ilość karmy do potrzeb psa. Jak? Odwiedź naszą stronę internetową. Zapewnij świeżą wodę do picia. Podawać o temperaturze pokojowej, niewykorzystaną część przechowywać w lodówce do 2 dni."}, {"header": "Pozostałe informacje", "content": "Producent:Mars Polska sp. z o.o.,\nKożuszki Parcel 42,\n96-500 Sochaczew\n0-801 10 63 63,\nwww.pedigree.plDystrybutor:Jeronimo Martins Polska S.A.Żniwna 5 62-025 Kostrzyn PLImporter:Jeronimo Martins Polska S.A.Żniwna 5 62-025 Kostrzyn PLNazwa wymagana prawnie:Pedigree Adult Protein+ Mokra karma dla dorosłych psów w galaretce 340 g (4 x 85 g)"}], "images": ["data/images/6909ecc17f390a75083964a1a8736f9f.jpg"], "absolute_path": "Dla zwierząt/Dla psa/Karmy mokre/Produkt 1"}
{"name": "Produkt 2", "url": "https://zakupy.biedronka.pl/pedigree-pedigree-adult-mokra-karma-dla-psow-z-kurczakiem-i-marchewka-w-galaretce-400-g-0000003807.html", "title": "Pedigree Adult Mokra karma dla psów z kurczakiem i marchewką w galaretce 400 g", "brand": "Pedigree", "price": "7.99 PLN", "packaging_details": "0.4kg- 19,98 zł / kg", "description_sections": [{"header": "Opis produktu", "content": "Mokra karma pełnoporcjowa dla dorosłych psów."}, {"header": "Składniki i alergeny", "content": "Składniki:mięso i produkty pochodzenia zwierzęcego* (w tym kurczak 4 % i wątróbka 4 %),zboża,warzywa (w tym marchewka 4 %),substancje mineralne,roślinne ekstrakty białkowe,produkty pochodzenia roślinnego (w tym wysłodków buraczanych suszonych 0.5 %),*97 % naturalnego pochodzenia"}, {"header": "Przechowywanie i sposób przygotowania", "content": "Sposób podania:Sposób karmienia: Należy uwzględnić kalorie pochodzące z przysmaków. Należy dostosować ilość karmy do potrzeb psa. Jak? Odwiedź naszą stronę internetową. Zapewnij świeżą wodę do picia. Podawać o temperaturze pokojowej, niewykorzystaną część przechowywać w lodówce do 2 dni."}, {"header": "Pozostałe informacje", "content": "Nazwa wymagana prawnie:Pedigree Adult Mokra karma dla psów z kurczakiem i marchewką w galaretce 400 g"}], "images": ["data/images/b9fc56da659e64a20432e9a6a13bfdbc.jpg"], "absolute_path": "Dla zwierząt/Dla psa/Karmy mokre/Produkt 2"}
{"name": "Produkt 5", "url": "https://zakupy.biedronka.pl/pedigree-pedigree-multivitamins-trawienie-karma-uzupelniajaca-dla-doroslych-psow-z-kurczakiem-180-g-0000015624.html", "title": "Pedigree Multivitamins Trawienie Karma uzupełniająca dla dorosłych psów z kurczakiem 180 g", "brand": "Pedigree", "price": "21.99 PLN", "packaging_details": "0.18kg- 122,17 zł / kg", "description_sections": [{"header": "Opis produktu", "content": "Karma uzupełniająca dla dorosłych psów.Dopasowana mieszanka multiwitamin & probiotykówOkoło 30 kawałków<5 % tłuszczuBez użycia sztucznych barwników i dodatków smakowychOpracowane przy udziale naszych lekarzy weterynarii¹¹Opracowane przy udziale naszych lekarzy weterynarii z Instytutu nauki o Zwierzętach WalthamSubrand:Multivitamins"}, {"header": "Składniki i alergeny", "content": "Składniki:produkty pochodzenia roślinnego,zboża,roślinne ekstrakty białkowe,substancje mineralne,mięso i produkty pochodzenia zwierzęcego (w tym suszona wątróbka z kurczaka 1,35 %, co odpowiada zawartości wątróbki z kurczaka 6 %),warzywa"}, {"header": "Przechowywanie i sposób przygotowania", "content": "Sposób podania:Sposób karmienia: Małe psy (4-10 kg): podawać 1 przysmak na dzień. Średnie psy (11-20 kg): podawać 2 przysmaki na dzień. Psy średnio-duże (21-30 kg): podawać 3 przysmaki na dzień. Duże psy (31 kg+): podawać 4 przysmaki na dzień. Nie jest przeznaczony dla psów o masie ciała poniżej 4 kg i szczeniąt poniżej 9 miesiąca życia. Proszę odpowiednio zmniejszyć dawkę głównego posiłku. Przysmak może być podawany w całości lub połamany na małe kawałki. W przypadku podawania psu specjalnej diety dla zdrowia układu pokarmowego, należy skonsultować się z lekarzem weterynarii przed podaniem tego suplementu.Pamiętaj, aby zapewnić zwierzęciu stały dostęp do świeżej wody do picia."}, {"header": "Pozostałe informacje", "content": "Producent:Mars Polska sp. z o.o.,\nKożuszki Parcel 42,\n96-500 Sochaczew\n0-801 10 63 63,\nwww.pedigree.plDystrybutor:Mars Polska sp. z o.o.Kożuszki Parcel 42 96-500 SochaczewNazwa wymagana prawnie:Pedigree Multivitamins Trawienie Karma uzupełniająca dla dorosłych psów z kurczakiem 180 g"}], "images": ["data/images/da1499cad43d7180966aac7515b7a797.jpg"], "absolute_path": "Dla zwierząt/Dla psa/Karmy mokre/Produkt 5"}
{"name": "Produkt 4", "url": "https://zakupy.biedronka.pl/pedigree-pedigree-adult-mokra-karma-dla-doroslych-psow-z-mieszanka-wolowiny-i-watrobki-w-galaretce-400-g-0000003806.html", "title": "Pedigree Adult Mokra karma dla dorosłych psów z mieszanką wołowiny i wątróbki w galaretce 400 g", "brand": "Pedigree", "price": "7.99 PLN", "packaging_details": "0.4kg- 19,98 zł / kg", "description_sections": [{"header": "Opis produktu", "content": "Mokra karma pełnoporcjowa dla dorosłych psów. z mieszanką wołowiny i wątróbki."}, {"header": "Składniki i alergeny", "content": "Składniki:mięso i produkty pochodzenia zwierzęcego* (w tym mieszanka wołowiny 2 % i wątróbki 4 %),zboża,roślinne ekstrakty białkowe,substancje mineralne,produkty pochodzenia roślinnego (w tym wysłodków buraczanych suszonych 0.5 %),*97 % naturalnego pochodzenia"}, {"header": "Przechowywanie i sposób przygotowania", "content": "Sposób podania:100 g karmy mokrej można zastąpić ok. 20 g karmy suchej Pedigree.Sposób karmienia: Należy uwzględnić kalorie pochodzące z przysmaków. Należy dostosować ilość karmy do potrzeb psa. Jak? Odwiedź naszą stronę internetową. Zapewnij świeżą wodę do picia. Podawać o temperaturze pokojowej, niewykorzystana część przechowywać w lodowce do 2 dni."}, {"header": "Pozostałe informacje", "content": "Nazwa wymagana prawnie:Pedigree Adult Mokra karma dla dorosłych psów z mieszanką wołowiny i wątróbki w galaretce 400 g"}], "images": ["data/images/887b4627a5532ec6826c058952d0ea22.jpg"], "absolute_path": "Dla zwierząt/Dla psa/Karmy mokre/Produkt 4"}
{"name": "Produkt 7", "url": "https://zakupy.biedronka.pl/pedigree-pedigree-adult-mokra-karma-dla-psow-z-mieszanka-wolowiny-i-watrobki-w-galaretce-12-kg-0000012890.html", "title": "Pedigree Adult Mokra karma dla psów z mieszanką wołowiny i wątróbki w galaretce 1,2 kg", "brand": "Pedigree", "price": "11.99 PLN", "packaging_details": "1.2kg- 9,99 zł / kg", "description_sections": [{"header": "Opis produktu", "content": "Mokra karma pełnoporcjowa dla dorosłych psów.Optymalne trawienie: zawiera naturalne włókna pokarmowe.Wsparcie naturalnych mechanizmów obronnych: zawiera witaminę E.Nie zawiera sztucznych barwników, dodatków smakowych i konserwantówWysokiej jakości białkawww.waltham.comOpracowano przy udziale lekarzy weterynarii i specjalistów do spraw żywienia z instytutu Waltham Petcare Science Institute."}, {"header": "Składniki i alergeny", "content": "Składniki:mięso i produkty pochodzenia* zwierzęcego (w tym mieszanka wołowiny 2 % i wątróbki wieprzowej 4 %),zboża,roślinne ekstrakty białkowe,substancje mineralne,produkty pochodzenia roślinnego (w tym wysłodków buraczanych suszonych 0.5 %),*95 % naturalnego pochodzenia"}, {"header": "Przechowywanie i sposób przygotowania", "content": "Sposób podania:Sposób karmienia: Należy uwzględnić kalorie pochodzące z przysmaków. Ilości karmy są podane wyłącznie jako wskazówki. Należy dostosować ilość karmy do wieku, rozmiaru i poziomu aktywności psa. Aby uzyskać więcej informacji, odwiedź naszą stronę internetową. Zapewnij świeżą wodę do picia. Podawać o temperaturze pokojowej, niewykorzystaną część przechowywać w lodówce do 2 dni."}, {"header": "Pozostałe informacje", "content": "Nazwa wymagana prawnie:Pedigree Adult Mokra karma dla psów z mieszanką wołowiny i wątróbki w galaretce 1,2 kg"}], "images": ["data/images/2baa9e62da38d46d4bd694be04609194.jpg"], "absolute_path": "Dla zwierząt/Dla psa/Karmy mokre/Produkt 7"}
{"name": "Produkt 1", "url": "https://zakupy.biedronka.pl/pedigree-pedigree-biscrok-multi-mix-karma-uzupelniajaca-dla-psow-500-g-0000008505.html", "title": "Pedigree Biscrok Multi Mix Karma uzupełniająca dla psów 500 g", "brand": "Pedigree", "price": "11.99 PLN", "packaging_details": "0.5kg- 83,26 zł / kg", "description_sections": [{"header": "Opis produktu", "content": "Smak kurczaka, wołowiny i jagnięciny.Perfekcyjnie wypieczone Pedigree Biscrok Multi Mix to pełne smaku, chrupiące ciasteczka w 3 pysznych smakach- Kwasy Omega 3 aby utrzymać go w dobrej formie przez całe życie- Witamina E aby pomóc utrzymać jego naturalną odporność- Minerały, w tym wapń, dla mocnych kości- Bez sztucznych dodatków smakowychSubrand:Biscrok"}, {"header": "Składniki i alergeny", "content": "Składniki:zboża,mięso i produkty pochodzenia zwierzęcego (w tym 1 % kurczaka w białym ciasteczku, 1 % wołowiny w brązowym ciasteczku i 1 % jagnięciny w czerwonym ciasteczku),oleje i tłuszcze,substancje mineralne,produkty pochodzenia roślinnego"}, {"header": "Przechowywanie i sposób przygotowania", "content": "Sposób podania:Sposób karmienia: Małe psy np. jamnik: do 1 ciasteczka dziennie. Średnie psy np. cocker spaniel: do 2 ciasteczek dziennie. Duże psy np. labrador: do 4 ciasteczek dziennie. Proszę odpowiednio zmniejszyć dawkę głównego posiłku.Pamiętaj, aby zapewnić zwierzęciu stały dostęp do świeżej wody do picia."}, {"header": "Pozostałe informacje", "content": "Producent:Mars Polska sp. z o.o., \nKożuszki Parcel 42, \n96-500 Sochaczew\n0-801 10 63 63,\nwww.pedigree.plNazwa wymagana prawnie:Pedigree Biscrok Multi Mix Karma uzupełniająca dla psów 500 g"}], "images": ["data/images/67219959c673dd2d9b59ec4d530d686e.jpg"], "absolute_path": "Dla zwierząt/Dla psa/Przysmaki/Produkt 1"}
{"name": "Produkt 6", "url": "https://zakupy.biedronka.pl/pedigree-pedigree-multivitamins-karma-uzupelniajaca-dla-doroslych-psow-z-kurczakiem-180-g-0000015625.html", "title": "Pedigree Multivitamins Karma uzupełniająca dla dorosłych psów z kurczakiem 180 g", "brand": "Pedigree", "price": "21.99 PLN", "packaging_details": "0.18kg- 122,17 zł / kg", "description_sections": [{"header": "Opis produktu", "content": "Z kurczakiem. Karma uzupełniająca dla dorosłych psów.Dopasowana mieszanka multiwitamin, przeciwutleniaczy & beta-glukanówOkoło 30 kawałków<5 % tłuszczuBez użycia sztucznych barwników i dodatków smakowychOpracowane przy udziale naszych lekarzy weterynarii¹¹Opracowane przy udziale naszych lekarzy weterynarii z Instytutu nauki o Zwierzętach WalthamSubrand:Multivitamins"}, {"header": "Składniki i alergeny", "content": "Składniki:produkty pochodzenia roślinnego,zboża,roślinne ekstrakty białkowe,drożdże (w tym beta glukany 2.9 %),substancje mineralne,mięso i produkty pochodzenia zwierzęcego (w tym suszona wątróbka z kurczaka 1.34 %, co odpowiada zawartości wątróbki z kurczaka 6 %),warzywa"}, {"header": "Przechowywanie i sposób przygotowania", "content": "Sposób podania:Sposób karmienia: Małe psy (4-10 kg): podawać 1 przysmak na dzień. Średnie psy (11-20 kg): podawać 2 przysmaki na dzień. Psy średnio-duże (21-30 kg): podawać 3 przysmaki na dzień. Duże psy (31 kg+): podawać 4 przysmaki na dzień. Nie jest przeznaczony dla psów o masie ciała poniżej 4 kg i szczeniąt poniżej 9 miesiąca życia. Proszę odpowiednio zmniejszyć dawkę głównego posiłku. Przysmak może być podawany w całości lub połamany na małe kawałki. Przed podaniem psom w ciąży lub karmiącym należy zasięgnąć porady lekarza weterynarii.Pamiętaj, aby zapewnić zwierzęciu stały dostęp do świeżej wody do picia."}, {"header": "Pozostałe informacje", "content": "Producent:Mars Polska sp. z o.o.,\nKożuszki Parcel 42,\n96-500 Sochaczew\n0-801 10 63 63,\nwww.pedigree.plDystrybutor:Mars Polska sp. z o.o.Kożuszki Parcel 42 96-500 SochaczewNazwa wymagana prawnie:Pedigree Multivitamins Karma uzupełniająca dla dorosłych psów z kurczakiem 180 g"}], "images": ["data/images/5655663632ed1e148f9a3973c57b5085.jpg"], "absolute_path": "Dla zwierząt/Dla psa/Karmy mokre/Produkt 6"}
{"name": "Produkt 2", "url": "https://zakupy.biedronka.pl/pedigree-pedigree-dentastix-karma-uzupelniajaca-dla-psow-25-kgplus-7-szt.-270-g-0000009865.html", "title": "Pedigree DentaStix Karma uzupełniająca dla psów 25 kg+ (7 szt.) 270 g", "brand": "Pedigree", "price": "14.99 PLN", "packaging_details": "0.27kg- 55,52 zł / kg", "description_sections": [{"header": "Opis produktu", "content": "Karma uzupełniająca dla psów powyżej 4 miesiąca życia.Pomaga zwalczać kamień nazębny.Codzienna pielęgnacja zębów.Subrand:DentaStix"}, {"header": "Składniki i alergeny", "content": "Składniki:zboża*,produkty pochodzenia roślinnego,substancje mineralne (w tym tripolifosforan sodu 2.8 %),mięso i produkty pochodzenia zwierzęcego*,oleje i tłuszcze,*Składniki naturalnego pochodzenia"}, {"header": "Przechowywanie i sposób przygotowania", "content": "Sposób podania:Sposób karmienia: Duże psy (od 25 kg): podawać 1 sztukę dziennie. Ten przysmak do gryzienia jest przeznaczony dla psów o masie ciała powyżej 25 kg. Nie jest przeznaczony dla szczeniąt poniżej 4 miesiąca życia. Po otwarciu opakowania zużyć w ciągu 14 dni. Pamiętaj, aby zapewnić zwierzęciu stały dostęp do świeżej wody do picia."}, {"header": "Pozostałe informacje", "content": "Producent:Mars Polska sp. z o.o., \nKożuszki Parcel 42, \n96-500 Sochaczew\n0-801 10 63 63,\nwww.pedigree.plNazwa wymagana prawnie:Pedigree DentaStix Karma uzupełniająca dla psów 25 kg+ 270 g (7 sztuk)"}], "images": ["data/images/432ab80e2ab401255d592e8d2f1f1a77.jpg"], "absolute_path": "Dla zwierząt/Dla psa/Przysmaki/Produkt 2"}
{"name": "Produkt 3", "url": "https://zakupy.biedronka.pl/pedigree-pedigree-schmackos-144-g-0000008503.html", "title": "Pedigree Schmackos 144 g", "brand": "Pedigree", "price": "11.99 PLN", "packaging_details": "0.144kg- 83,26 zł / kg", "description_sections": [{"header": "Opis produktu", "content": "CECHY PRODUKTU• czyszczące zęby przysmaki dla psa• redukują przyrost kamienia nazębnego• do codziennego stosowania• wzbogacone o witaminy i minerały, aby pomóc utrzymać i wzmocnić naturalną odporność psa• z zawartością kwasów Omega 3, aby utrzymać psa w dobrej formie przez całe życie• z wapniem dla zdrowych zębów i mocnych kości"}, {"header": "Składniki i alergeny", "content": "Składniki:SKŁAD: mięso i produkty pochodzenia zwierzęcego (łącznie 40% w tym 11% drobiu, 22% wołowiny i 5% jagnięciny) produkty pochodzenia roślinnego, zboża, substancje mineralne, cukry, oleje i tłuszcze"}, {"header": "Pozostałe informacje", "content": "Kraj pochodzenia:Wielka BrytaniaKraj pochodzenia zależy od konkretnej partii produktu jaka znajduje się w sklepie. Informację o kraju pochodzenia znajdziesz na opakowaniu. Możesz również dodać komentarz z preferowanym typem produktu w koszyku lub wiadomości dla shoppera (np. “prosze o pomidory polskie”).Producent:Mars Polska sp. z o.o.,\nKożuszki Parcel 42,\n96-500 Sochaczew\n0-801 10 63 63,\nwww.peedigree.plDystrybutor:Mars Polska Sp. z o.o.Kożuszki Parcel 42 96-500 Sochaczewwaw.reception@effem.comNazwa wymagana prawnie:Pedigree Schmackos 144g Karma uzupełniająca dla dorosłych psów"}], "images": ["data/images/d97abcb590d52daafb1065dab9ba46af.jpg", "data/images/97ae19d7af6a84e28bee00c9e3b99435.jpg"], "absolute_path": "Dla zwierząt/Dla psa/Przysmaki/Produkt 3"}
{"name": "Produkt 4", "url": "https://zakupy.biedronka.pl/pedigree-pedigree-ranchos-cubes-karma-uzupelniajaca-dla-psow-z-wolowina-70-g-0000023035.html", "title": "Pedigree Ranchos Cubes Karma uzupełniająca dla psów z wołowiną 70 g", "brand": "Pedigree", "price": "16.99 PLN", "packaging_details": "0.07kg- 242,71 zł / kg", "description_sections": [{"header": "Opis produktu", "content": "- Idealne w czasie treningu psów w każdym wieku, odpowiednie dla szczeniąt- Bez użycia sztucznych barwników i dodatków smakowychKarma uzupełniająca dla psów powyżej 8 tygodnia życia i o wadze powyżej 2 kgSubrand:Ranchos"}, {"header": "Składniki i alergeny", "content": "Składniki:mięso i produkty pochodzenia zwierzęcego (łącznie 80 %, w tym naturalna wołowina 14 %),zboża (*w tym pełnoziarnistyowies14 %),owoce (*w tym jabłka 4 %),substancje mineralne,*Naturalne źródło prebiotyków"}, {"header": "Przechowywanie i sposób przygotowania", "content": "Sposób podania:Sposób karmienia: Rasy miniaturowe: podawaj do 6 przysmaków dziennie. Małe rasy: Podawać do 11 przysmaków dziennie. Średnie rasy: Podawać do 20 przysmaków dziennie. Duże rasy: Podawać do 34 przysmaków dziennie. Proszę odpowiednio zmniejszyć dawkę głównego posiłku. Pamiętaj, aby zapewnić zwierzęciu stały dostęp do świeżej wody do picia."}, {"header": "Pozostałe informacje", "content": "Producent:Mars Polska sp. z o.o.,\nKożuszki Parcel 42,\n96-500 Sochaczew\n0-801 10 63 63,\nwww.pedigree.plDystrybutor:Jeronimo Martins Polska S.A.Żniwna 5 62-025 Kostrzyn PLImporter:Jeronimo Martins Polska S.A.Żniwna 5 62-025 Kostrzyn PLNazwa wymagana prawnie:Pedigree Ranchos Cubes Karma uzupełniająca dla psów z wołowiną 70 g"}], "images": ["data/images/ff3db96c96cd402af7fb56cb37b47ecf.jpg"], "absolute_path": "Dla zwierząt/Dla psa/Przysmaki/Produkt 4"}
{"name": "Produkt 2", "url": "https://zakupy.biedronka.pl/over-pet-premium-over-pet-premium-szampon-dla-psow-krotkowlosych-285-ml-0000013473.html", "title": "Over Pet Premium Szampon dla psów krótkowłosych 285 ml", "brand": "Over Pet Premium", "price": "11.99 PLN", "packaging_details": "0.285l- 42,07 zł / l", "description_sections": [{"header": "Opis produktu", "content": "Delikatny szampon dla psów krótkowłosych oraz posiadających wrażliwą skórę ze skłonnościami do podrażnień. Dzięki zawartości protein wełny kaszmirskiej oraz prowitaminy B5 odżywia okrywę włosową, zapewnia odpowiedni poziom nawilżenia, łagodzi ewentualne podrażnienia. Regularne stosowanie szamponu zapewnia zdrowy wygląd sierści. Produkt nie zawiera soli ani barwników, może być stosowany u psów o skórze wrażliwej."}, {"header": "Składniki i alergeny", "content": "Składniki:Aqua,Ammonium Lauryl Sulfate,Cocamidopropyl Betaine,Polyglyceryl-4 Caprate,Hydrolyzed Keratin,Coco-Glucoside,Glyceryl Oleate,Panthenol,Sodium Benzoate,Potassium Sorbate,Citric Acid,Parfum"}, {"header": "Przechowywanie i sposób przygotowania", "content": "Sposób podania:Sposób użycia: zmoczyć letnią wodą włosy psa. Niewielką ilość szamponu rozprowadzić na ciele zwierzęcia, a następnie dokładnie spłukać. Chronić oczy, uszy i pysk zwierzęcia. W razie potrzeby czynność powtórzyć. Po kąpieli rozczesać włos, starannie wytrzeć lub wysuszyć suszarką."}, {"header": "Pozostałe informacje", "content": "Nazwa wymagana prawnie:Over Pet Premium Szampon dla psów krótkowłosych 285 ml"}], "images": ["data/images/2eda37fb3126f1ffb756c759991e700e.jpg"], "absolute_path": "Dla zwierząt/Dla psa/Szampony/Produkt 2"}
{"name": "Produkt 5", "url": "https://zakupy.biedronka.pl/pedigree-pedigree-ranchos-cubes-karma-uzupelniajaca-dla-psow-z-kaczka-70-g-0000023034.html", "title": "Pedigree Ranchos Cubes Karma uzupełniająca dla psów z kaczką 70 g", "brand": "Pedigree", "price": "16.99 PLN", "packaging_details": "0.07kg- 242,71 zł / kg", "description_sections": [{"header": "Opis produktu", "content": "- Idealne w czasie treningu psów w każdym wieku, odpowiednie dla szczeniąt.Bez użycia sztucznych barwników i dodatków smakowychKarma uzupełniająca dla psów powyżej 8 tygodnia życia i o wadze powyżej 2 kgSubrand:Ranchos"}, {"header": "Składniki i alergeny", "content": "Składniki:mięso i produkty pochodzenia zwierzęcego (łącznie 80 %, w tym kaczka naturalna 14 %),zboża (*w tym pełnoziarnistyowies14 %),owoce (*w tym jabłka 4 %),substancje mineralne,*Naturalne źródło prebiotyków"}, {"header": "Przechowywanie i sposób przygotowania", "content": "Sposób podania:Sposób karmienia: Rasy miniaturowe: podawaj do 6 przysmaków dziennie. Małe rasy: podawać do 11 przysmaków dziennie. Średnie rasy: podawać do 20 przysmaków dziennie. Duże rasy: podawać do 34 przysmaków dziennie. Proszę odpowiednio zmniejszyć dawkę głównego posiłku. Pamiętaj, aby zapewnić zwierzęciu stały dostęp do świeżej wody do picia."}, {"header": "Pozostałe informacje", "content": "Producent:Mars Polska sp. z o.o.,\nKożuszki Parcel 42,\n96-500 Sochaczew\n0-801 10 63 63,\nwww.pedigree.plDystrybutor:Jeronimo Martins Polska S.A.Żniwna 5 62-025 Kostrzyn PLImporter:Jeronimo Martins Polska S.A.Żniwna 5 62-025 Kostrzyn PLNazwa wymagana prawnie:Pedigree Ranchos Cubes Karma uzupełniająca dla psów z kaczką 70 g"}], "images": ["data/images/85e0012e5b34cd5f7ab9cc84510148de.jpg"], "absolute_path": "Dla zwierząt/Dla psa/Przysmaki/Produkt 5"}
{"name": "Produkt 1", "url": "https://zakupy.biedronka.pl/over-pet-premium-over-pet-premium-szampon-dla-psow-o-bialej-i-jasnej-siersci-285-ml-0000013476.html", "title": "Over Pet Premium Szampon dla psów o białej i jasnej sierści 285 ml", "brand": "Over Pet Premium", "price": "11.99 PLN", "packaging_details": "0.285l- 42,07 zł / l", "description_sections": [{"header": "Opis produktu", "content": "Szampon dla psów o białej i jasnej sierści. Ekstrakt z cytryny dokładnie usuwa zanieczyszczenia z jasnej okrywy włosowej. Proteiny wełny kaszmirskiej doskonale odżywiają włos oraz zapobiegają elektryzowaniu. Szampon został wyprodukowany na bazie łagodnych środków myjących, które nie podrażniają skóry zwierzęcia, a jednocześnie starannie ją myją i nawilżają. Produkt nie zawiera soli ani barwników, może być stosowany u psów o skórze wrażliwej."}, {"header": "Składniki i alergeny", "content": "Składniki:Aqua,Ammonium Lauryl Sulfate,Cocamidopropyl Betaine,Glycerin,Polyglyceryl-4 Caprate,Coco Glucoside,Glyceryl Oleate,Citrus Limon Fruit Extract,Hydrolyzed Keratin,Sodium Benzoate,Potassium Sorbate,Sodium Chloride,Citric Acid,Phenoxyethanol,Parfum"}, {"header": "Przechowywanie i sposób przygotowania", "content": "Sposób podania:Sposób użycia: zmoczyć letnią wodą włosy psa. Niewielką ilość szamponu rozprowadzić na ciele zwierzęcia, a następnie dokładnie spłukać. Chronić oczy, uszy i pysk zwierzęcia. W razie potrzeby czynność powtórzyć. Po kąpieli rozczesać włos, starannie wytrzeć lub wysuszyć suszarką."}, {"header": "Pozostałe informacje", "content": "Nazwa wymagana prawnie:Over Pet Premium Szampon dla psów o białej i jasnej sierści 285 ml"}], "images": ["data/images/c089cf8fa8735ba7da037a92042ab24e.jpg"], "absolute_path": "Dla zwierząt/Dla psa/Szampony/Produkt 1"}
{"name": "Produkt 6", "url": "https://zakupy.biedronka.pl/activ-pet-activ-pet-karma-uzupelniajaca-dla-psow-mix-treningowy-200-g-0000014230.html", "title": "Activ Pet Karma uzupełniająca dla psów mix treningowy 200 g", "brand": "Activ Pet", "price": "7.99 PLN", "packaging_details": "0.2kg- 39,95 zł / kg", "description_sections": [{"header": "Składniki i alergeny", "content": "Składniki:Zboża i produkty pochodzenia roślinnego, oleje i tłuszcze, mięso i produkty pochodzenia zwierzęcego, glikol propylenowy,rybyi produkty pochodne zryb. Składniki analityczne: wilgotność 24%, białko surowe 11,7%, tłuszcz surowy 5,9%, popiół surowy 2,0%, włókno surowe 1,0%. Wartość energetyczna 303 kcal (1269 kJ)/100g."}, {"header": "Pozostałe informacje", "content": "Kraj pochodzenia:Unia EuropejskaKraj pochodzenia zależy od konkretnej partii produktu jaka znajduje się w sklepie. Informację o kraju pochodzenia znajdziesz na opakowaniu. Możesz również dodać komentarz z preferowanym typem produktu w koszyku lub wiadomości dla shoppera (np. “prosze o pomidory polskie”).Producent:ASSISI PET CARE Sp. z o.o.Dystrybutor:Jeronimo Martins Polska S.A.Żniwna 5 62-025 KostrzynImporter:Jeronimo Martins Polska S.A.Żniwna 5 62-025 Kostrzyn PLNazwa wymagana prawnie:Mix treningowy. Karma uzupełniająca dla psów powyżej 3. miesiąca życia"}], "images": ["data/images/fbf41a8b110b93fc4c22789781fd7b54.jpg", "data/images/cf7e3d006f26d4bc0c2622089469f405.jpg", "data/images/06bad8ba9a94e6b41d5059a6c344fc79.jpg", "data/images/cfc88866c721e8f495ef0dd3c891c2e8.jpg"], "absolute_path": "Dla zwierząt/Dla psa/Przysmaki/Produkt 6"}
{"name": "Produkt 3", "url": "https://zakupy.biedronka.pl/over-pet-premium-over-pet-premium-szampon-dla-psow-dlugowlosych-285-ml-0000013475.html", "title": "Over Pet Premium Szampon dla psów długowłosych 285 ml", "brand": "Over Pet Premium", "price": "11.99 PLN", "packaging_details": "0.285l- 42,07 zł / l", "description_sections": [{"header": "Opis produktu", "content": "Delikatny szampon przeznaczony dla psów o długiej i półdługiej sierści. Zawiera proteiny wełny kaszmirskiej, które doskonale odżywiają sierść oraz zapobiegają jej elektryzowaniu. Ekstrakt z miodu wzmacnia i nawilża włos, dzięki czemu jest on łatwy do rozczesania po umyciu. Szampon został wyprodukowany na bazie łagodnych środków myjących, które nie podrażniają skóry zwierzęcia, a jednocześnie starannie ją myją i nawilżają. Produkt nie zawiera soli ani barwników, może być stosowany u psów o skórze wrażliwej."}, {"header": "Składniki i alergeny", "content": "Składniki:Aqua,Ammonium Lauryl Sulfate,Cocamidopropyl Betaine,Hydrolyzed Keratin,Coco-Glucoside,Glyceryl Oleate,Mel Extract,Polyglyceryl-4 Caprate,Propanediol,Sodium Benzoate,Potassium Sorbate,Citric Acid,Parfum"}, {"header": "Przechowywanie i sposób przygotowania", "content": "Sposób podania:Sposób użycia: zmoczyć letnią wodą włosy psa. Niewielką ilość szamponu rozprowadzić na ciele zwierzęcia, a następnie dokładnie spłukać. Chronić oczy, uszy i pysk zwierzęcia. W razie potrzeby czynność powtórzyć. Po kąpieli rozczesać włos, starannie wytrzeć lub wysuszyć suszarką."}, {"header": "Pozostałe informacje", "content": "Nazwa wymagana prawnie:Over Pet Premium Szampon dla psów długowłosych 285 ml"}], "images": ["data/images/4ae292252ec3b98b47c3ac1f4b97bbf9.jpg"], "absolute_path": "Dla zwierząt/Dla psa/Szampony/Produkt 3"}
